1826 3120
169 750 242 784 25

84 1342 110 1378 f.
129 1340 196 1378 124
211 1354 240 1377 r.

259 163 355 216 240
576 168 580 173 ·
654 167 949 214 Nicsmiom
994 167 1297 233 eamcam

258 279 487 334 τιμήσασα,
519 277 735 330 ἀκάματον
766 274 840 331 τήν
870 277 951 318 ταῖν
990 277 1167 329 χειλέων
1198 271 1423 327 ἀκρόπολιν
1452 269 1600 329 ἔστησε
1629 268 1717 329 ‹pti-⁶

258 350 394 400 λακα,
423 346 481 394 ὥς
504 343 562 398 μὴ
604 341 729 385 λάθοι
757 341 980 397 προκύψας
1018 342 1097 393 ὀψέ
1120 356 1220 382 ποτε
1257 338 1371 394 λόγος
1401 339 1517 393 μάλα
1545 341 1624 392 μέν
1652 354 1736 395 τις,

258 409 559 466 ε’παγγελτικός,
589 411 641 450 ου’
668 408 784 462 μάλα
815 409 860 449 δέ
879 424 940 457 τις
970 405 1258 462 τελεσιουργὸς
1287 408 1361 448 καί
1388 403 1719 470 αἶφέλιμος.“και“

257 474 309 518 τὰ
344 479 471 518 πλείω
501 478 632 530 λέγοις
666 470 717 515 ἂν
745 472 872 523 αὐτὸς
901 473 974 516 καί
1003 474 1180 529 οἶφηγοῖο
1224 474 1462 528 πλατυτέρα
1487 468 1646 533 γλώττῃ
1673 485 1716 513 τε

256 542 326 584 καὶ
357 545 518 596 βίβλοις
543 539 659 592 μάλα
690 541 738 594 γέ
779 557 818 582 τι
864 539 1034 596 σφόδρα
1078 537 1399 594 ἅρμοττούσαις.
1469 540 1543 590 νῦν
1572 538 1619 579 δέ
1649 539 1750 590 aot-'5

257 612 327 650 καί
355 610 452 663 περί
481 611 562 651 τῶν
606 606 763 658 ἔξωθεν
805 608 1179 661 α’παγγελλομένων
1219 604 1309 648 ἔνια
1349 605 1630 661 διηγήσομαι,
1657 597 1716 645 ὧν

257 677 328 717 καί
355 675 374 717 ὅ
404 673 551 729 παρών
581 673 654 723 τὰς
678 673 794 728 ἡμῶν
810 672 941 722 α’κοοὶς
970 674 1166 728 ἐνέπλησε
1191 671 1344 727 χρόνος
1365 671 1448 713 τῶν
1478 672 1713 724 δυσχερῶν.

393 742 519 795 Φήμη
549 740 627 795 γὰρ
659 740 834 795 ἄφίκετο
861 738 1069 795 ’πρότριτα
1111 737 1153 787 ἐς
1184 739 1421 789 Βυζάντιον
1449 735 1493 779 ἐκ
1518 737 1607 778 ’τῶν
1636 738 1714 777 ἓω-

255 811 331 850 &ev
349 805 694 862 ἐπιδημησάντων
721 807 983 860 Ἀντιοχέων,
1008 802 1063 853 ὥς
1085 804 1196 861 ὁρμῇ
1226 806 1420 861 δαιμονίᾳ
1447 805 1530 847 τινί
1557 818 1716 858 συσχε-

254 873 345 923 &sig
371 873 391 914 ὅ
426 875 498 927 τῆς
526 871 748 928 Αἰγύπτου
772 875 844 914 καί
869 874 1071 927 Ἀραβίας
1101 871 1315 926 δεσπότης,
1338 869 1485 912 ὁπόσοι
1511 879 1713 925 χριστια-
1730 877 1773 913 10

254 944 336 983 νῶν
367 941 527 982 οἰκοῦσι
573 938 648 994 τήν
685 941 760 993 γῆν
792 941 961 994 ἐκείνην,
992 938 1179 993 ἐξήνεγκε
1211 937 1342 992 δόγμα
1372 936 1531 986 πάντας
1558 935 1714 992 ἡβηδόν

255 1003 440 1059 οῗνελεῖν,
464 1008 504 1047 εἰ
527 1003 585 1060 μὴ
619 1007 661 1055 ἐς
693 1004 766 1060 τὴν
798 1006 880 1047 τῶν
908 1005 1103 1061 Ἀράβων
1133 1006 1362 1060 θρησκείαν
1407 1001 1453 1044 τό
1486 1005 1625 1056 σέβας
1643 1005 1714 1046 καί

256 1074 381 1115 αὐτοὶ
408 1076 661 1127 μεταθεῖεν,
697 1074 805 1127 μηδὲ
831 1071 911 1128 γὰρ
945 1069 1049 1114 εἶναι
1082 1075 1212 1125 λέγων
1256 1069 1364 1120 εἰκὸς
1391 1067 1474 1111 ὑπὸ
1506 1068 1580 1125 τὴν
1607 1067 1734 1125 ἐμήν

255 1142 448 1191 ἐξουσίαν
479 1141 699 1188 τελοῦντας
738 1138 813 1193 τὴν
841 1138 944 1193 ἐμὴν
976 1140 1198 1194 φαυλίζειν
1228 1137 1470 1193 θρησκείαν.
1543 1135 1715 1179 ἐνστάν-

254 1223 336 1248 των
368 1201 443 1248 οὖν
474 1208 563 1248 ἐκεῖ
599 1207 824 1261 τηνικαῦτα
860 1203 1119 1258 παμπόλλων
1149 1205 1255 1259 ὑπὲρ
1297 1206 1368 1259 τῆς
1399 1204 1616 1258 εὐσεβείας
1645 1206 1713 1258 ἐρ·
1729 1213 1772 1248 15

256 1275 452 1327 ρωμένως
481 1273 552 1313 καί
593 1271 671 1314 σὺν
716 1270 867 1328 ζεούσῃ
897 1275 946 1327 τῇ
976 1274 1194 1329 προθυμίᾳ
1237 1273 1374 1325 γέγονε
1413 1269 1539 1327 φόνος
1564 1270 1712 1323 πολύς,

256 1338 311 1388 ὥς
340 1340 523 1394 φανῆναι
562 1337 606 1380 τὸ
647 1342 808 1393 πλῆθος
851 1342 932 1380 τῶν
962 1338 1268 1392 ἀναιρεθέντων
1314 1337 1418 1391 ὑπὲρ
1450 1335 1714 1392 δισμυρίους,

256 1405 494 1459 ἀρξαμένου
525 1407 602 1457 μὲν
633 1404 675 1446 ἐκ
708 1406 995 1460 Παλαιστίνης
1024 1406 1187 1457 πρῶτον
1216 1405 1293 1445 τοῦ
1321 1403 1474 1456 δεινοῦ,
1499 1398 1588 1444 εἶτα
1620 1404 1713 1445 δια·

254 1469 405 1524 βάντος
451 1471 609 1525 Κοίλην
643 1474 801 1524 Συρίαν
839 1470 910 1512 καί
946 1473 1144 1525 Φοινίκην
1187 1471 1356 1523 πᾶσαν,
1397 1472 1468 1511 καί
1511 1465 1605 1511 ὅσαι
1636 1469 1712 1523 τὴν

253 1535 486 1589 Δαμασκὸν
517 1536 801 1591 α’στυγείτονες
833 1534 1155 1592 περιχορεύουσι
1195 1536 1329 1591 πόλέις
1364 1537 1434 1577 καί
1458 1537 1600 1589 >κιιΐίμαι
1633 1538 1772 1589 με’-20

189 1620 196 1624 ·
251 1620 327 1656 χρι
362 1603 501 1657 Τύρου
550 1607 621 1646 καί
652 1603 854 1657 Σίδωνος,
903 1603 976 1645 καί
1017 1599 1095 1657 ὅση
1141 1602 1187 1644 τὸ
1239 1598 1336 1657 ὅρος
1375 1602 1443 1646 τὸν
1478 1602 1711 1659 Κάρμηλον

252 1668 494 1723 περικλύζει
524 1668 737 1713 θάλασσα.
806 1673 850 1713 ἐν
877 1673 1098 1728 μεταμέλῳ
1138 1671 1175 1710 δ’
1205 1664 1262 1711 αὖ
1293 1671 1366 1712 τοῦ
1404 1669 1712 1726 προστάξαντος

250 1734 470 1790 γεγονότος
499 1740 711 1780 πέπαυται
738 1735 780 1779 τὸ
818 1736 966 1780 δεινόν.

252 1902 366 1948 deque
406 1914 567 1949 magnam
604 1905 810 1950 variamque
847 1905 1047 1950 impetravit
1090 1907 1366 1950 experientiam,
1394 1911 1544 1952 quantus
1581 1905 1711 1941 divinis

253 1951 432 1985 eeclesiae
458 1954 658 1996 praeceptis
685 1958 884 1996 opportuno
922 1959 1082 1997 tempore
1117 1954 1184 1988 sibi
1209 1954 1302 1987 adsit
1334 1953 1526 1987 commilito
1556 1953 1712 1987 fortissi-

251 2008 340 2031 mus.
392 2004 426 2031 et
449 1999 682 2032 sacerdotium
708 2001 850 2033 veritati
873 1999 1030 2044 linguam
1057 2002 1274 2045 restringens
1304 2001 1515 2035 indefessam
1539 2000 1713 2034 labiorum

252 2055 367 2077 arcem
395 2046 573 2079 custodem
593 2047 786 2080 constituit.
814 2052 849 2080 et
876 2052 912 2080 tu
939 2048 1015 2090 ipse
1047 2048 1147 2091 plura
1172 2048 1309 2081 diceres
1337 2054 1372 2081 et
1398 2057 1595 2091 exponeres
1621 2047 1712 2080 ube..

252 2093 348 2124 riore
387 2097 422 2125 et
450 2092 549 2125 libris
575 2094 755 2126 admodum
782 2095 950 2127 decenter
974 2095 1126 2138 scriptis.
1150 2105 1244 2127 nunc
1271 2095 1333 2127 tibi
1360 2094 1551 2127 nonnullas
1580 2104 1623 2127 ex
1649 2105 1712 2128 re-

253 2138 318 2171 bus
338 2140 494 2172 externis
517 2150 607 2184 quae
625 2146 705 2174 sunt
726 2142 906 2174 nuntiatae
936 2151 1119 2185 exponam,
1149 2141 1275 2185 quibus
1300 2141 1404 2175 rebus
1432 2141 1579 2186 ingratis
1605 2151 1712 2185 prae-

254 2196 335 2219 sens
361 2191 497 2229 tempus
523 2197 625 2220 aures
650 2193 789 2221 nostras
814 2187 989 2231 implevit.

385 2242 490 2276 Fama
529 2245 619 2277 enim
659 2244 866 2287 Byzantium
901 2246 1066 2288 pervenit
1107 2245 1149 2278 ab
1181 2244 1382 2279 Antiochiis
1416 2244 1459 2278 ab
1505 2250 1582 2278 ortu
1625 2244 1712 2279 solis

253 2290 483 2334 migrantibus
499 2315 509 2331 ‚
536 2291 656 2324 divino
683 2292 831 2335 quodam
866 2292 984 2325 afflatu
1017 2294 1198 2336 abreptum
1222 2292 1378 2336 Aegypti
1412 2297 1446 2324 et
1468 2291 1620 2326 Arabiae
1644 2292 1712 2324 do-

253 2337 382 2369 minum
417 2338 569 2370 edidisse
607 2344 855 2382 praeceptum,
881 2345 938 2380 ut,
974 2345 1059 2383 quot
1085 2339 1274 2374 Christiani
1311 2338 1408 2372 illam
1443 2343 1570 2372 terram
1609 2338 1737 2384 habi--

255 2388 343 2424 tent,
371 2394 490 2417 omnes
520 2385 756 2427 pubescentes
782 2385 1006 2428 tollerentur,
1036 2386 1104 2419 nisi
1134 2396 1230 2419 suam
1257 2396 1333 2418 cum
1358 2385 1513 2419 Arabum
1532 2385 1710 2430 religione

254 2435 439 2464 mutarent.
491 2431 578 2465 dixit
602 2433 705 2474 enim,
731 2442 803 2465 non
829 2433 956 2466 decere
985 2443 1058 2474 eos,
1098 2433 1156 2476 qui
1182 2432 1330 2476 imperio
1358 2442 1437 2464 meo
1465 2437 1623 2475 pareant,
1649 2442 1711 2465 re-

255 2476 424 2520 ligionem
451 2488 563 2511 meam
590 2484 830 2512 contemnere.
881 2490 984 2523 quum
1009 2480 1118 2523 igitur
1144 2479 1308 2522 permulti
1338 2480 1532 2512 existerent
1557 2488 1620 2522 pro
1648 2489 1710 2511 re..

254 2523 390 2568 ligione
417 2525 557 2558 sortiter
584 2531 618 2558 et
644 2537 720 2558 curn
747 2527 862 2559 animo
902 2526 1098 2567 bellicoso,
1137 2525 1247 2558 multa
1289 2526 1415 2558 caedes
1456 2525 1547 2558 facta
1584 2530 1638 2558 est
1662 2526 1711 2558 ita

254 2575 293 2602 ut
316 2581 483 2604 numerus
507 2573 774 2605 interfectorum
807 2578 991 2616 superaret
1026 2573 1152 2616 viginti
1177 2572 1322 2605 millia⁸¹
1365 2577 1550 2616 postquam
1576 2573 1612 2605 in
1640 2571 1709 2605 Pa-

254 2616 405 2651 laestina
429 2619 577 2661 primum
603 2620 787 2663 inceperat
811 2625 938 2661 terror,
962 2629 1068 2663 porro
1094 2620 1250 2662 perrexit
1275 2629 1339 2662 per
1365 2629 1484 2652 cavam
1513 2619 1648 2661 Syriam
1675 2622 1710 2651 et

255 2663 481 2697 Phoeniciam
510 2671 616 2699 totam
645 2671 679 2699 et
705 2672 789 2710 quot
805 2667 945 2699 vicinae
968 2666 1072 2699 urbes
1092 2666 1296 2699 Damascum
1323 2665 1539 2699 circumdant
1565 2670 1599 2698 et
1624 2664 1707 2709 pagi

255 2720 367 2755 usque
405 2712 448 2744 ad
489 2712 615 2755 Tyrum
650 2718 684 2746 et
709 2713 884 2756 Sydonem
920 2718 954 2746 et
980 2718 1143 2757 quantum
1180 2722 1276 2745 mare
1305 2712 1522 2755 Carmelum,
1552 2717 1706 2747 montem

253 2756 368 2795 alluit.
416 2768 522 2805 quum
547 2759 705 2795 homines
730 2761 784 2804 rei
805 2760 916 2805 ipsius
941 2760 1154 2805 poeniteret,
1184 2764 1298 2794 terror
1323 2760 1438 2794 desiit.
