1800 3132
272 173 335 220 50
677 174 974 222 NlcEPHom
1023 171 1330 217 GREGORAE

269 284 310 331 εἰ
335 284 514 326 δυνατον
551 283 799 340 αὐθημερὸν
841 283 957 339 αύτῷ
997 284 1072 324 τοῦ
1108 279 1261 330 παντὸς
1303 280 1488 333 πολέμου
1529 275 1574 326 τὴ
1614 277 1728 324 τέλος
1760 302 1763 304 -

270 348 568 406 κριθήσεσθαι,
603 346 630 405 ἢ
659 349 790 392 πολύν
819 365 912 391 τινα
959 350 1182 403 τρίβεσθαι
1220 345 1377 401 χρόνον
1403 347 1456 402 τῇ
1487 343 1620 401 μάχῃ,
1647 343 1729 393 τῶν
1787 348 1789 352 “

270 420 480 470 πολεμίων
523 417 735 472 δηούντων
783 413 931 463 νυκτός
975 412 1047 456 καί
1090 411 1251 469 ἡμέρας
1290 410 1367 468 τὴν
1398 409 1560 467 χώραν.
1629 405 1730 457 ὅθεν
1783 402 1791 432 ⁴·

270 482 438 534 ε’κτοὶξας
467 482 538 526 τὸν
567 481 750 537 στρατόν
778 482 849 523 καί
875 483 1055 535 μερίσας
1085 481 1144 530 εἰς
1174 480 1405 536 φάλαγγας,
1434 478 1508 543 καί
1536 482 1623 526 τοῖς
1652 477 1730 530 μὲν

268 550 511 603 Ἀθηναίοις
540 548 611 591 καὶ
642 549 843 604 Θηβαίοις
870 545 915 590 τὸ
944 546 1065 590 λαιὸν
1094 549 1219 602 κέρας
1250 545 1363 602 δούς,
1397 543 1526 595 αὐτὸς
1553 545 1592 588 δ’
1619 541 1763 605 &georii

269 614 316 657 τὸ
345 616 494 668 δεξιόν,
526 611 622 670 ἧγεν
654 614 723 656 ἐπὶ
749 614 796 655 τὸ
821 616 906 656 ταῖν
933 617 1143 668 πολεμίων
1169 613 1465 668 στρατόπεδον,
1491 609 1598 666 πρὸς
1617 626 1729 663 συμ-

133 688 254 726 ‘225
270 680 425 735 πλοκὴν
455 680 793 734 προκαλούμενος
819 671 947 736 σφᾶς.
1021 677 1366 735 ἀναπηδήσαντες
1393 673 1470 720 οὖν
1491 675 1630 727 ἐὕθύς
1661 674 1733 717 ε’πί

268 746 320 790 τὰ
354 742 463 789 ὅπλα
493 747 706 799 κάκεῖνοι,
751 747 824 788 καί
848 749 1007 802 μικροῦ
1046 745 1168 795 κενάς
1198 745 1472 802 ἀπολιπρντες
1511 742 1585 793 τοὶς
1613 744 1730 795 ναῦς,
1793 788 1797 801 1

270 811 491 868 εὐρώστως
517 815 595 866 μὲν
621 812 817 869 ἀπήντων
852 815 895 855 ἐν
925 819 1018 863 ταῖς
1048 809 1225 868 ἀρχαῖς·
1293 810 1419 855 ἔπειτ’
1462 810 1731 867 ἑπιρρυείσης

267 881 343 934 τῆς
372 881 503 922 ἵππου
530 883 751 937 γενναίως,
794 883 865 923 καί
894 874 984 934 ἅμα
1024 882 1097 935 τῆς
1131 881 1301 934 πεζικῆς
1329 879 1542 936 φάλαγγος
1567 893 1732 920 παντα-
1745 886 1791 923 10

266 945 394 1000 χόθεν
435 947 709 1003 ἐπιχυθείσης
748 949 829 1005 βοῇ
859 946 931 989 καί
961 947 1215 1003 ἀλαλαγμῷ,
1244 944 1303 1001 μὴ
1337 945 1560 999 δυνάμενοι
1584 947 1747 1002 φέρειν’

270 1011 342 1061 ἐπὶ
370 1012 481 1054 πόδα
511 1010 782 1069 ἀνεχώρουν,
817 1011 1183 1066 καταπατούμενοί
1203 1028 1247 1055 τε
1286 1016 1355 1054 καὶ
1392 1011 1733 1067 τιτρωσκόμενοι.

271 1076 419 1128 νυκτὸς
450 1081 489 1120 δ’
517 1081 590 1122 ἐπί
617 1078 780 1129 τούτοις
807 1083 1030 1135 γενομένης
1058 1081 1130 1122 καί
1159 1082 1232 1135 τῆς
1262 1079 1406 1134 μάχης
1435 1077 1727 1133 διαλυθείσης,

270 1143 342 1189 ἐπὶ
382 1144 458 1194 τὰς
504 1147 658 1196 οἰκείας
689 1148 898 1202 ἐνέβαινον
929 1148 1054 1200 ναῦς,
1095 1147 1176 1201 οιῖχ
1218 1141 1310 1189 ὅσοι
1341 1140 1464 1202 ἧκον,
1504 1144 1607 1187 odd&
1631 1146 1732 1198 μεθ’
1778 1156 1779 1160 ’

272 1211 420 1265 ὅμοιόυ
450 1214 525 1254 τοῦ
554 1211 795 1271 σχήματος,
827 1213 933 1256 ἀλλὰ
965 1211 1084 1267 μα’λα
1111 1215 1158 1268 γέ
1181 1230 1222 1256 τι
1253 1208 1566 1270 ἀντιστρόφως·
1622 1206 1730 1254 εἶναι
1745 1220 1789 1257 15

272 1281 350 1332 μὲν
377 1278 460 1333 γὰρ
492 1279 592 1330 τούς
624 1280 667 1320 ἐν
696 1282 748 1338 τῇ
779 1282 956 1338 πολεμίᾳ
993 1281 1126 1337 ἐκείνῃ
1166 1282 1219 1336 γῇ
1247 1278 1516 1328 πεπτωκότας
1544 1277 1628 1333 οὐχ
1656 1270 1733 1333 ἧτ-
1783 1335 1788 1339 ἦ

269 1360 342 1389 του
373 1349 676 1398 πεντακοσίων,
718 1349 982 1401 τραυματίας
1023 1349 1062 1389 δ’
1097 1341 1156 1388 αὖ
1187 1346 1267 1401 ούχ
1298 1340 1422 1401 ἦττον
1450 1339 1477 1400 ἦ
1505 1342 1733 1392 τοσούτους

269 1414 535 1466 γεγενῆσθαι.
593 1413 649 1463 ὥς
677 1415 750 1456 καί
777 1413 1114 1468 ἀναγκασθέντας
1143 1412 1205 1456 ἔτι
1235 1411 1384 1462 νυκτὸς
1422 1408 1552 1468 οὔσης
1593 1414 1735 1466 πλημ-

270 1478 407 1531 μελῶς
433 1481 657 1522 ἐκπλεῦσαι
677 1512 689 1532 ,
719 1482 964 1534 λειπομένας
995 1481 1148 1536 ἐρετῶν
1174 1482 1286 1531 ἐνίας
1314 1481 1588 1535 παρέλκοντες
1615 1479 1733 1526 ναῦς.

271 1546 450 1599 τάχιστα
483 1548 520 1588 δ’
550 1546 571 1588 ὅ
592 1547 808 1604 ναύαρχος
855 1549 1008 1598 ἐκεῖνος
1034 1551 1108 1591 καί
1135 1546 1370 1605 στρατηγὸς
1399 1548 1477 1590 τοῦ
1506 1546 1792 1591 Βενετικοῦαο

270 1613 423 1656 στόλου
469 1614 544 1655 δύο
577 1617 658 1656 τῶν
701 1617 866 1658 οἰκείων
907 1610 1086 1665 ἑλκυσας
1131 1618 1236 1658 νεῶν
1276 1617 1321 1658 ἐκ
1373 1615 1457 1656 τῶν
1494 1612 1736 1661 θαλαττίων

272 1676 455 1733 ὑδάτων,
484 1680 558 1729 τὰς
587 1683 747 1733 μᾶλλον
773 1682 854 1724 ταῖν
883 1677 1022 1724 ἄλλων
1052 1680 1419 1737 ταχυναυτούσας,
1453 1678 1525 1723 καί
1555 1676 1614 1730 ὥς
1640 1677 1736 1732 ἐνῆν

271 1744 317 1788 ἔκ
347 1748 422 1788 τοῦ
458 1745 612 1801 σχεδόν
648 1752 933 1800 καθοπλίσας,
973 1751 1049 1804 τὴν
1074 1752 1155 1803 μὲν
1183 1751 1227 1799 ἐς
1265 1746 1342 1804 τὴν
1377 1749 1460 1791 τῶν
1504 1747 1736 1794 Βενετικῶν

272 1813 620 1870 ἀριστοκρατικὴν
659 1816 902 1858 ἀπέστειλεν
930 1816 1153 1870 ἐξουσίαν,
1188 1815 1440 1873 φράσουσαν
1465 1813 1516 1858 τοὶ
1546 1828 1738 1870 πεπραγ-
1780 1871 1782 1873 ‚

279 1951 370 1985 enim
403 1962 482 1986 esse
506 1953 623 1995 duxit,
663 1964 706 1987 eo
734 1955 813 1998 die,
841 1956 870 1989 si
898 1956 974 1989 fieri
999 1961 1140 2000 posset,
1166 1956 1203 1989 in
1228 1955 1381 1988 omnium
1406 1965 1522 1989 rerum
1548 1955 1735 1989 discrimen

277 1999 440 2043 pugnari,
454 2011 555 2044 quam
581 2001 616 2034 in
645 2001 788 2046 longum
814 2008 949 2046 tempus
976 2008 1153 2037 certamen
1181 2002 1353 2046 protrahi,
1380 2002 1540 2036 hostibus
1565 2003 1641 2037 dies
1665 2011 1735 2036 no-

279 2051 426 2090 ctesque
451 2048 669 2081 vastantibus
696 2059 813 2093 agros.
856 2061 966 2094 quare
991 2052 1162 2084 instructo
1190 2050 1348 2084 exercitu
1379 2049 1632 2094 ordinibusque
1657 2050 1735 2083 dis-

279 2093 442 2135 tributis,
483 2094 762 2129 Atheniensibus
804 2102 839 2130 et
871 2097 1045 2131 Thebanis
1081 2098 1118 2130 in
1150 2097 1256 2131 laevo
1296 2107 1405 2130 cornu
1435 2096 1622 2130 collocatis
1658 2097 1735 2140 ipse

284 2141 409 2174 dextro
438 2151 548 2175 cornu
577 2143 754 2186 imperans
784 2143 825 2177 ad
859 2143 980 2178 hostes
1013 2145 1112 2178 duxit
1147 2154 1279 2188 eosque
1313 2145 1355 2178 ad
1391 2150 1577 2178 certamen
1605 2143 1734 2188 proelii

286 2189 543 2221 conserendum
570 2196 753 2233 provocat.
813 2190 848 2223 hi
879 2192 993 2224 statim
1021 2191 1127 2225 armis
1153 2192 1298 2235 sumptis
1324 2191 1544 2236 navibusque
1569 2191 1645 2224 fere
1669 2200 1737 2225 va-

281 2235 356 2267 cuis
381 2234 518 2269 relictis
545 2237 647 2270 initio
676 2238 815 2282 quidem
844 2239 982 2271 fortiter
999 2238 1198 2279 instabant3
1223 2239 1351 2272 deinde
1368 2247 1455 2273 vero
1483 2238 1639 2283 equitum
1656 2243 1736 2272 tur-

279 2282 344 2314 mis
371 2281 538 2316 alacriter
563 2284 598 2317 in
625 2294 686 2317 eos
726 2285 943 2319 irruentibus
968 2286 1195 2330 peditumque
1220 2285 1422 2329 legionibus
1448 2285 1491 2318 ab
1517 2285 1611 2318 omni
1635 2290 1736 2329 parte

279 2328 435 2362 clamore
460 2329 600 2364 sublato
628 2332 890 2374 invadentibus,
906 2333 1071 2376 impetum
1098 2334 1275 2366 sustinere
1299 2342 1369 2366 non
1395 2332 1644 2376 poterant,sed
1669 2342 1737 2375 pe-

279 2376 358 2408 dem
384 2376 588 2411 referebant
618 2378 813 2422 proculcati
844 2385 949 2424 atque
975 2379 1165 2414 vulnerati.
1222 2380 1338 2415 noctis
1361 2380 1566 2414 interventu
1598 2378 1736 2422 proelio

279 2423 454 2466 dirempto
480 2434 591 2458 naves
619 2427 903 2460 conscenderunt
938 2437 1158 2472 nequaquam
1186 2431 1254 2460 tam
1280 2426 1405 2468 multi,
1439 2437 1540 2471 quam
1566 2430 1738 2461 venerant

283 2480 402 2513 neque
430 2471 552 2504 eodem
579 2471 699 2506 habitu
726 2474 787 2507 sed
813 2474 995 2508 admodum
1024 2484 1109 2508 sane
1139 2474 1327 2507 contrario.
1378 2484 1458 2507 nam
1485 2474 1521 2506 in
1550 2478 1644 2507 terra
1668 2472 1737 2505 ho-

278 2516 352 2550 stili
377 2527 450 2550 non
476 2520 592 2552 minus
622 2521 807 2565 quingenti
836 2521 995 2555 homines
1021 2522 1222 2555 occiderant
1234 2531 1351 2565 neque
1375 2521 1489 2554 minor
1502 2520 1650 2554 militum
1668 2530 1738 2563 nu-

276 2574 396 2597 merus
419 2565 629 2600 vulneribus
661 2573 736 2601 erat
760 2569 919 2602 affectus.
980 2579 1087 2613 quare
1120 2568 1197 2611 ipsa
1229 2573 1336 2601 nocte
1368 2568 1446 2601 sine
1479 2568 1603 2601 ordine
1627 2566 1738 2611 proii-

277 2611 364 2644 cisci
394 2614 508 2645 coacti
537 2619 629 2656 sunt,
665 2616 832 2659 quasdam
858 2626 970 2649 naves
997 2615 1188 2660 remigibus
1220 2615 1366 2648 nudatas
1398 2625 1516 2648 secum
1544 2614 1736 2648 trahentes.
1792 2638 1794 2641 s

275 2657 437 2691 Venetae
463 2665 580 2693 autem
608 2661 733 2696 classis
757 2663 958 2706 praefectus
986 2668 1091 2707 atque
1109 2663 1179 2696 dux
1202 2661 1389 2696 celerrime
1418 2661 1550 2696 duabus
1574 2661 1738 2704 navibus,

274 2714 366 2748 quae
380 2716 466 2750 prae
497 2710 627 2741 ceteris
664 2709 802 2744 celeres
829 2715 863 2743 et
892 2710 1078 2753 expeditae
1105 2714 1215 2752 erant,
1232 2720 1275 2742 ex
1303 2709 1388 2742 mari
1417 2709 1582 2743 extractis
1610 2708 1738 2742 rebus-

273 2763 344 2800 que
371 2754 504 2798 obviis,
533 2762 706 2801 quantum
731 2758 808 2794 fieri
838 2758 968 2805 potuit,
995 2757 1150 2802 armatis,
1177 2756 1323 2793 alteram
1348 2756 1630 2801 misitVenetias‚
1647 2765 1738 2803 quae
1784 2795 1787 2802 Κ
