1800 3132
74 870 102 906 f.
129 869 175 905 98
186 869 222 904 b.

153 1206 227 1239 1⁰

241 157 262 199 1
271 154 301 200 6
644 156 941 202 NICEPHORI
992 155 1297 202 GREGORAE

236 265 366 318 μένην
390 262 651 317 ἀποστόλων,
683 265 776 306 λίαν
807 265 997 317 ἆσμέιως
1030 260 1140 305 εἶδον
1180 262 1243 305 ἔτι
1272 268 1424 319 σημεῖα
1451 244 1605 319 ψύχαῗν
1633 267 1696 314 εἰς

237 328 458 382 εύσέβειαν
486 333 770 384 θερμοτέρων.
829 327 960 387 ταύτῃ
979 345 1041 371 τοι
1076 329 1149 371 καί
1176 328 1587 383 ἐθαύμασαμᾶλλον
1614 331 1694 373 αύ-
1751 330 1757 352 ³

235 395 309 450 τήν
342 398 396 438 δι’
429 395 535 438 αύτό
568 413 612 450 γε
634 397 752 439 τουτί
777 394 803 451 ἢ
834 397 903 438 διὰ
933 391 1092 450 τᾶλλα,
1123 395 1256 438 ὁπόσα
1278 398 1336 453 »τῇ
1351 395 1480 454 ,πόλει
1507 400 1695 453 περίεστι

234 460 285 504 τοὶ
320 462 438 505 καλά.
512 465 590 520 τῆς.
629 464 707 517 γὰρ
756 461 1000 519 ἀλλοφύλου
1051 466 1278 518 θρησκείας
1329 466 1697 520 συμπεφυρμένως

235 528 570 584 ἐπιπολαζούσης
602 530 692 570 ἐκεῖ
715 527 983 583 πανταχόθεν
1011 532 1082 571 καί
1113 531 1316 587 πανταχῇ,
1360 524 1433 570 ἅτε
1465 530 1536 584 τῆς
1562 528 1728 584 Ἀρά-5
1755 519 1765 547 ⁵

234 597 322 648 βων
366 597 631 649 ἐπικρατείας
660 594 703 647 ἐξ
735 594 989 649 Αἰγύπτου,
1032 599 1193 649 μᾶλλον
1240 597 1278 637 δ’
1318 597 1362 637 ἐκ
1396 590 1598 651 Κυρήνης
1626 598 1698 638 καί
1756 583 1766 606 ⁵*

237 659 547 711 Πενταπόλεως
589 665 662 705 καί
697 664 778 705 τῶν
808 678 852 717 γε
892 661 954 704 ἔτι
996 664 1140 705 τούτου
1178 664 1431 718 προσωτέρω
1472 661 1697 718 διηκούσης

237 725 341 783 ἄχρι
369 726 441 769 καὶ
469 725 512 777 ἒς
551 729 600 771 τα
634 732 707 785 τῆς
730 726 995 784 Ἀντιοχείας
1030 731 1248 782 ἐπέκεινα,
1276 730 1501 783 συμβαίνει
1530 730 1600 771 καὶ
1626 729 1697 783 τῆς
1755 734 1763 738 ’

236 795 459 850 Ἀραβικῆς
495 798 722 850 θρησκείας
763 797 967 850 δείγματα
1010 796 1203 851 πανταχῇ
1257 796 1331 848 τῆς
1369 795 1442 849 γῆς
1485 793 1697 849 ὑπάρχειν

238 863 408 917 ἐκείνης.
466 862 531 903 διὸ
561 865 634 904 καί
661 863 965 916 ἀντεχομένους
991 865 1081 905 ἐκεῖ
1102 863 1254 919 κομιδῇ
1283 865 1313 887 ”
1342 862 1426 904 τῶν
1451 861 1698 913 Ἀντιοχέων
1712 859 1775 905 lt)¹¹¹

237 927 368 978 αὐτὸς
397 928 509 983 ὁρῶν
537 929 636 978 τούς
663 929 848 983 εὐσεβῶς
876 925 1100 982 ἑλομένους
1133 930 1206 983 ζῆν
1237 925 1343 982 ὑπὲρ
1397 928 1479 969 ταῖν
1509 927 1698 981 πατρίων

235 997 308 1050 τῆς
339 993 560 1049 εὐσεβείας
593 995 809 1050 δογμάτων
841 991 943 1050 ἄχρι
980 999 1166 1038 θανάτου
1212 997 1391 1048 δεῆσαν,
1429 993 1499 1035 διὰ
1529 994 1697 1048 μακροῦ

237 1063 312 1104 τοῦ
339 1059 559 1114 θαύματος
598 1061 830 1117 ἐποιούμην
868 1066 969 1112 τέως
1009 1061 1088 1117 ἐγώ
1131 1061 1177 1104 τὸ
1213 1062 1379 1104 ἐκείνων
1405 1061 1594 1115 πρᾶγμα,
1627 1058 1698 1101 καὶ

239 1131 279 1178 ἐς
310 1127 385 1184 την
415 1125 545 1170 πάλαι
574 1130 740 1184 μνύμην
769 1130 919 1184 α’νῆγον
950 1129 1083 1178 εύθύς
1112 1130 1270 1183 ἐκείνην
1296 1127 1366 1170 τὸν
1392 1129 1505 1169 νοῦν.
1581 1172 1585 1174 μ

372 1190 479 1237 Εἶεν.
540 1193 646 1237 α’λλοὶ
674 1194 781 1247 μετὰ
810 1195 952 1251 βραχὺ
984 1196 1176 1236 κάκεῖθεν
1211 1193 1377 1248 α’πάρας
1415 1191 1564 1250 οἷπῄειν
1591 1185 1696 1246 ἄχρι
1711 1198 1775 1234 15“

239 1263 311 1304 καί
339 1262 399 1310 εἰς
421 1260 580 1317 Ἰσσόν,
624 1259 727 1303 ἔνθα
754 1261 852 1311 τοὺς
882 1260 1104 1309 Κιλικίους
1141 1260 1335 1310 αύλοῖνας
1363 1262 1446 1306 τῶν
1477 1260 1698 1314 Ταυρικῶν

238 1327 516 1383 παραψαύειν
554 1329 666 1382 ὀρῶν
704 1328 858 1383 σχεδὸν
887 1330 1016 1370 εἰπεῖν
1055 1330 1099 1370 ἐκ
1133 1323 1304 1383 φύσεως
1333 1328 1598 1382 συνηνέχθη·
1644 1325 1698 1374 ’ἐς

241 1396 415 1437 τοσοῦτο
444 1394 525 1449 γάρ
567 1393 830 1451 βραχύτητος
878 1394 898 1435 ὃ
947 1392 1102 1448 μεταξύ
1142 1396 1410 1436 συστέλλεται
1440 1394 1579 1448 χῶρος
1614 1394 1706 1435 ἐκεῖ·

240 1459 284 1503 ἔκ
309 1476 352 1504 τε
377 1459 585 1516 θαλάττης
616 1464 688 1503 καί
716 1460 826 1515 σ’ρῶν
850 1460 1019 1504 ἐκείνων
1061 1456 1166 1503 ὥστε
1195 1462 1268 1501 καί
1293 1459 1422 1502 πύλαι
1450 1465 1537 1508 τοῖς
1566 1457 1699 1501 πάλαι

242 1528 645 1583 προσηγορεύθησαν
677 1530 854 1570 Ἰσσικαί
876 1544 918 1570 τε
960 1524 1049 1581 ἅμα
1090 1529 1163 1569 καί
1198 1528 1417 1583 Συριακαί.
1485 1528 1557 1569 καί
1584 1526 1756 1576 aduno
1781 1519 1788 1551 Ῐ·

242 1596 277 1636 δ”
299 1593 413 1637 ἔστιν
437 1594 700 1649 Ἀντιοχείας
722 1594 985 1650 ἀρχαιοτέρα
1008 1598 1307 1650 παρακειμένη,
1324 1593 1398 1644 ξύν
1416 1609 1462 1649 γε
1484 1593 1701 1643 πλείσταις

241 1659 402 1716 ἑτέραις
439 1662 731 1719 Ἀλεξάνδρεια
783 1665 1064 1719 καλουμένη,
1107 1663 1265 1718 ταύτην
1309 1660 1701 1716 γὰρἈλέξανδρος
1727 1680 1742 1692 ·
1786 1660 1793 1710 j

243 1726 434 1784 ἀνήγειρε
463 1727 630 1784 πρώτην
677 1723 846 1783 ἄγαλμα
886 1730 998 1784 νίκης
1047 1730 1207 1783 εἰπεῖν,
1247 1723 1299 1783 ἢν
1329 1727 1487 1771 αὐτόθι
1515 1729 1700 1783 Δαρεῖον
1780 1719 1786 1738 ³

243 1921 356 1956 adhuc
381 1922 513 1956 indicia
541 1924 735 1956 animorum
762 1923 954 1957 fervidiore
980 1924 1112 1967 pietate
1141 1933 1370 1957 accensorum
1393 1923 1560 1967 cognovi.
1589 1931 1700 1966 quare

243 1970 287 2003 ob
314 1969 403 2003 lianc
428 1970 537 2013 ipsam
562 1981 635 2003 rem
660 1971 772 2015 magis
801 1970 922 2004 urbem
948 1971 1135 2005 admiratus
1171 1981 1246 2004 sum
1282 1981 1383 2015 quam
1416 1970 1461 2004 ob
1499 1969 1571 2004 alia
1597 1979 1698 2003 com-

241 2018 343 2051 moda
372 2022 407 2050 et
435 2022 662 2060 ornamenta,
689 2028 778 2062 quae
809 2018 841 2050 ei
868 2023 1066 2061 suppetant.
1127 2017 1224 2051 cultu
1250 2019 1341 2051 enim
1366 2018 1557 2063 peregrino
1583 2017 1698 2050 unde-

243 2074 385 2109 quaque
418 2065 618 2108 promiscue
651 2065 827 2109 gliscente
871 2065 1100 2109 omnibusque
1135 2065 1224 2098 locis
1258 2070 1419 2099 exstante
1454 2067 1580 2110 (quum
1605 2064 1698 2097 enim

241 2111 394 2145 Arabum
422 2112 606 2155 imperium
635 2112 716 2146 iude
743 2112 785 2145 ab
809 2113 974 2157 Aegypto
1001 2118 1060 2145 aut
1094 2113 1211 2155 potius
1236 2122 1257 2145 a
1286 2112 1426 2156 Cyrene
1452 2116 1487 2145 et
1510 2110 1697 2154 Pentapoli

242 2169 282 2192 ac
306 2159 512 2203 regionibus
540 2160 645 2192 etiam
672 2160 921 2193 remotioribus
949 2170 1061 2204 usque
1080 2159 1303 2193 Antiochiam
1331 2164 1366 2193 et
1390 2158 1483 2192 ultro
1508 2159 1696 2202 pertineat,
1780 2193 1798 2200 ³

242 2216 307 2239 usu
333 2206 432 2239 venit
456 2212 494 2240 ut
519 2206 694 2241 Arabicae
733 2206 920 2251 religionis
946 2207 1099 2251 vestigia
1123 2206 1254 2251 ubique
1284 2208 1321 2240 in
1358 2205 1422 2239 illa
1447 2211 1542 2240 terra
1569 2215 1697 2239 occur·
1754 2203 1759 2212 ²
1788 2205 1797 2243 J*

242 2256 352 2298 rant),
378 2253 437 2286 uhi
467 2254 748 2296 Antiochenses,
781 2255 842 2298 qui
868 2255 1005 2298 quidem
1034 2255 1092 2297 pie
1121 2264 1162 2286 ac
1186 2259 1284 2287 reete
1312 2254 1355 2287 de
1380 2253 1558 2298 religione
1582 2253 1698 2287 senti·
1754 2254 1779 2275 *ἵ

242 2305 333 2343 rent,
359 2310 423 2344 pro
449 2301 572 2344 patriis
598 2302 739 2344 pietatis
766 2302 938 2346 dogmatis
967 2302 1106 2335 fortiter
1130 2302 1336 2335 resistentes
1362 2301 1544 2342 videbam,
1571 2301 1697 2334 etiam-

244 2348 273 2381 si
302 2353 449 2381 mortem
475 2349 679 2392 perpessuri
708 2354 838 2390 essent,
857 2349 892 2382 in
919 2359 1049 2382 summa
1074 2359 1147 2381 eam
1173 2349 1255 2381 rem'
1271 2349 1501 2382 admiratione
1526 2347 1697 2381 habebam
1779 2347 1800 2394 ,ᾗ

244 2399 348 2438 atque
367 2395 410 2428 ad
432 2400 588 2429 veterem
603 2397 804 2429 memoriam
826 2396 931 2429 talem
957 2396 1131 2430 sentiendi
1154 2396 1327 2429 rationem
1346 2396 1460 2430 statim
1485 2395 1714 2434 referebamq*

377 2452 543 2488 Ceterum
580 2454 686 2498 paulo
724 2460 805 2498 post
830 2465 935 2498 quum
966 2465 1021 2487 me
1047 2454 1220 2488 dedissem
1256 2455 1292 2486 in
1321 2454 1426 2496 viam,
1452 2463 1565 2497 usque
1586 2453 1698 2487 Issum

244 2499 426 2541 profectus
455 2511 551 2543 sum,
592 2501 651 2534 ubi
681 2501 865 2536 convalles
896 2501 1044 2537 Ciliciae
1077 2512 1155 2535 cum
1186 2501 1288 2535 Tauri
1321 2500 1497 2534 montibus
1531 2505 1699 2545 affnatura

246 2546 320 2579 fere
348 2548 425 2590 ipsa
465 2549 670 2582 coniunctas
706 2559 783 2582 esse
819 2549 962 2583 dixeris.
1013 2554 1081 2582 tam
1115 2548 1226 2583 breve
1256 2549 1347 2581 enim
1373 2548 1523 2591 spatium
1550 2548 1701 2581 interest

245 2593 337 2625 inter
366 2604 462 2627 mare
491 2601 526 2628 ct
550 2601 686 2629 montes
713 2595 810 2638 illos,
836 2601 875 2629 ut
901 2601 1024 2639 portae
1052 2606 1072 2628 a
1097 2596 1277 2629 veteribus
1308 2600 1342 2628 et
1365 2594 1498 2628 Issicae
1526 2600 1561 2628 et
1574 2594 1698 2637 Syria-
1782 2593 1800 2627 ’ξ

245 2649 307 2673 cae
337 2642 684 2685 cognominarentur.
734 2643 818 2677 urbs
846 2643 894 2676 ibi
919 2643 985 2676 sita
1015 2648 1068 2676 est
1092 2643 1270 2686 antiquior
1282 2641 1485 2683 Antiochia,
1511 2652 1588 2676 curn
1614 2641 1698 2684 plu-

243 2687 340 2721 rimis
365 2690 494 2723 ceteris
512 2689 727 2723 Alexandria
751 2689 940 2734 appellata.
991 2700 1066 2722 cam
1089 2690 1178 2722 enim
1201 2689 1403 2723 Alexander
1427 2690 1527 2733 quasi
1552 2689 1700 2732 primum

244 2737 427 2778 tropaeum
461 2737 636 2770 victoriae
679 2737 873 2779 excitavit,
907 2747 1006 2781 quam
1043 2736 1091 2769 ibi
1120 2736 1162 2770 de
1188 2736 1296 2770 Dario
1325 2736 1432 2770 Persa
1462 2737 1611 2779 primum
1636 2745 1698 2767 re-
