1852 3138
296 153 396 206 408
700 163 997 208 memnon!
1041 161 1269 206 GREGOR
1276 160 1346 207 ΔΕ

300 275 382 326 ζων
410 271 456 315 τὸ
481 272 667 328 βέβαιον,
701 270 861 332 ῥᾳδίως
889 272 934 314 ἐκ
960 272 1033 327 τῆς
1062 269 1168 327 πρὸς
1194 270 1269 327 τὴν
1296 273 1380 315 τῶν
1399 271 1531 316 θείων
1557 273 1632 318 καί
1645 270 1751 331 ῦπὲρ

299 337 501 396 αἴσθησιν
532 338 697 396 εὕρεσιν
742 338 977 394 ἀνατρέχει,
1015 337 1094 380 κάκ
1132 340 1207 380 τοῦ
1248 337 1374 395 φύσει
1412 338 1595 396 ἀμεροῦς
1627 341 1670 390 ἐς
1706 339 1752 395 τό

297 406 499 464 μεριστὸν
531 406 685 449 κατιών
730 405 899 462 ἀμεροῦς
941 401 1070 455 αὖθις
1108 404 1215 462 πρὸς
1244 404 1290 448 τό
1335 405 1561 464 ἀμέριστον
1599 407 1645 451 ἐκ
1671 409 1754 450 τῶν

296 475 508 530 μεριστῶν
540 474 831 528 παλινδρομεῖ,
859 470 963 527 μήτε
991 473 1074 514 τῶν
1099 473 1174 528 τῆς
1212 467 1367 515 ἑαυτοῦ
1394 471 1562 529 φόσεως
1589 473 1753 524 ἐξιστά-

295 538 715 595 μενος’μυστηρι’ων,
739 530 820 580 ’καὶ
852 536 941 593 ἅμα
969 537 1044 588 τὰς
1072 536 1219 588 ὖλικάς
1247 538 1458 595 ἐνεργείας
1488 537 1652 589 εἰωθώς
1679 552 1789 589 rte-5

300 605 550 663 ριτίθεσθαί
566 621 610 648 τε
640 604 713 647 καὶ
744 606 1017 660 οικονομικῶς
1042 605 1289 662 ἐκπληροῦν,
1309 604 1556 688 ἀμοιβαίαις
1580 605 1654 648 και
1685 609 1755 647 λε-

297 672 497 728 ληθυιάις
525 671 659 729 φάναι
687 675 984 728 παραπλοκαΐς
1010 687 1054 714 τε
1080 688 1151 715 και
1172 673 1412 729 συμφυΐαις
1429 672 1624 729 συνάγων
1651 670 1758 728 πρὸς

299 736 462 792 ἑαυτόν,
494 741 566 784 καί
601 740 816 797 ἀναλόγως
843 738 889 783 τὸ
919 736 1074 782 εαυτοῦ
1102 742 1193 797 φῶς
1221 740 1426 790 πολλοῖς’
1402 737 1756 822 ενσπείρωγυπο-

302 808 520 863 κειμένοις,
549 809 622 851 και
651 806 796 864 ω’σπερ
830 811 1000 857 πολλοῖς
1029 809 1180 864 ἐφεξῆς
1212 806 1418 862 κειμένοις
1437 806 1685 864 κατόπτροις
1713 807 1757 848 ἓν

207 875 541 932 Ιθέμφανίζων
569 875 822 932 πρόσωπον,
871 875 944 918 καί
980 873 1026 917 τὸ
1070 873 1301 930 κεχυμένον
1337 875 1412 929 τῆς
1453 872 1555 930 ὕλης
1583 870 1791 930 ἅπειρονι

295 943 369 984 καί
395 941 589 998 ἀόριστον
621 941 791 991 οἰκείοις
822 940 984 998 περασί
999 957 1043 983 τε
1065 942 1139 983 καί
1154 941 1346 997 σχήμασι
1360 942 1542 998 μορφῶν
1556 941 1631 984 καί
1655 956 1758 983 συν-

295 1008 401 1052 δέων
431 1010 504 1052 καί
534 1008 848 1065 συναρμόττων.
894 1008 968 1051 καί
994 1008 1022 1063 ἦ
1050 1008 1151 1064 πρὶν
1179 1009 1488 1065 περιοδεύουσα
1514 1005 1610 1058 τούς
1638 1005 1757 1050 ἔνδον

290 1075 517 1132 λογισμοὺς
545 1078 628 1118 τῶν
661 1075 912 1132 ἀπορρήτων
942 1075 1015 1117 καί
1045 1075 1175 1118 θείων
1193 1073 1645 1131 πραγμάτωνζήτησις,
1675 1074 1758 1117 τῶν

294 1144 508 1198 αἰσθητῶν
555 1141 637 1198 ἤδη
680 1143 965 1199 ἀναχωροῦσα
1007 1144 1060 1198 τῇ
1102 1143 1163 1199 τῷ
1198 1143 1260 1199 νῷ
1297 1141 1567 1199 προσηκούσῃ
1606 1141 1758 1198 γνώσει

295 1210 535 1251 ἀκολουθεῖ.
592 1211 784 1253 ἐντεῦθεν
811 1208 893 1266 γὰρ
922 1209 995 1252 καί
1007 1208 1082 1267 τᾲς
1112 1212 1235 1259 θείας
1260 1208 1333 1252 καὶ
1360 1207 1509 1265 νοερὰς
1540 1204 1752 1266 προόδους
1767 1225 1810 1262 15

289 1276 504 1326 ἐθέλοντες
535 1278 688 1333 δηλοῦν
728 1276 766 1319 οἳ
795 1279 908 1319 θεῖοι
938 1276 1116 1332 πατέρες
1147 1275 1465 1332 παραδείγματι
1502 1271 1761 1334 φαινομένῳ

286 1347 379 1392 ταῖς
408 1341 530 1398 ’ἦλιόυ
563 1345 753 1400 χρῶνται
796 1343 980 1395 ἀκτῖσιν,
1023 1343 1072 1386 αἲ
1109 1342 1183 1397 τὴν
1227 1342 1501 1399 ἐτυμολογίαν
1547 1342 1631 1385 ἀπὸ
1685 1359 1759 1386 του

286 1410 547 1453 ἐκτείνεσθαι
578 1410 759 1463 ἔχουσαι
783 1411 957 1464 χέονται
982 1412 1061 1466 μὲν
1090 1409 1163 1452 οὐκ
1190 1410 1406 1463 ἐκχέονται
1437 1411 1509 1462 δέ,
1553 1410 1643 1452 ἀλλ’
1677 1411 1745 1452 ἐκ-

287 1478 492 1520 τείνονται
521 1478 642 1533 πέριξ
671 1476 779 1520 κατὰ
812 1476 859 1520 τὸ
890 1478 1093 1533 ἀνάλογον
1125 1479 1198 1532 τῆς
1228 1478 1312 1519 τῶν
1343 1476 1583 1532 δεχομένων
1616 1475 1744 1533 εῦρυ-

197 1557 267 1591 11
282 1543 464 1600 χωριάς.
521 1544 816 1600 πληθύνεσθαι
842 1543 923 1601 γὰρ
951 1542 974 1586 ὅ
1006 1547 1124 1594 θεῖος
1152 1542 1286 1601 ἔφησε
1316 1545 1521 1600 Μάξιμος
1547 1542 1619 1587 τὸν
1647 1542 1810 1594 &dvm

135 1610 136 1613 ¹
284 1612 346 1668 τῷ
375 1612 474 1653 καθ’
515 1611 690 1654 ἕκαστον
734 1613 794 1662 εἷς
827 1611 1084 1670 παραγωγὴν
1110 1614 1194 1655 τῶν
1221 1608 1351 1655 ὄντων
1377 1612 1626 1668 βουλήματι,
1651 1615 1744 1661 ταῖς

289 1681 585 1733 προνοητικαῖς
615 1676 814 1734 προόδοις
845 1678 1348 1734 πολλαπλασιαζόμενον,
1395 1677 1536 1733 μένειν
1576 1679 1612 1721 δ’
1645 1676 1749 1732 ἀμε-

379 1797 414 1835 4.
440 1800 744 1849 παλινδρομειῶν
770 1801 810 1837 G.

288 1909 384 1943 sibus
413 1914 583 1954 percepta
609 1919 651 1943 ac
672 1914 795 1954 aperta
819 1915 900 1944 sunt
923 1910 990 1952 iis,
1015 1919 1114 1944 mens
1143 1909 1337 1945 invisibilis
1368 1909 1515 1954 arripiat
1539 1919 1630 1955 qnae
1653 1910 1752 1944 firma

287 1960 430 1990 suntet
456 1956 498 1990 ad
523 1967 639 1990 rerum
665 1957 864 1991 divinarum
905 1961 940 1990 et
978 1967 1084 2001 supra
1121 1967 1246 1992 sensus
1284 1957 1476 2001 positarum
1511 1956 1752 2002 cognitionem

287 2002 394 2036 facile
421 2004 608 2059 ascendat,
645 2009 679 2038 et
704 2005 879 2049 quomodo
907 2014 951 2037 ex
974 2004 1019 2038 iis
1046 2014 1137 2049 quae
1161 2009 1284 2038 natura
1309 2015 1372 2038 sua
1397 2009 1479 2038 sunt
1502 2004 1684 2038 individua
1708 2005 1751 2039 ad

287 2061 330 2083 ea
356 2060 447 2094 quae
474 2051 510 2084 in
536 2057 654 2095 partes
678 2051 831 2085 discreta
865 2057 1060 2086 cernuntur
1091 2051 1293 2092 descendat,
1329 2051 1455 2086 deinde
1482 2061 1603 2085 rursus
1627 2061 1672 2085 ex
1695 2051 1750 2085 his

286 2098 329 2131 ad
352 2097 534 2131 individua
559 2099 702 2140 redeat,
737 2109 855 2143 neque
880 2104 994 2132 tamen
1018 2103 1165 2132 naturae
1198 2098 1308 2142 ipsius
1336 2090 1514 2142 mysteriis
1545 2099 1692 2132 excedat
1717 2104 1752 2132 et

286 2144 389 2178 simul
416 2146 584 2179 materiae
614 2151 771 2179 naturam
813 2156 916 2190 quum
958 2145 1074 2180 soleat
1108 2146 1256 2179 induere
1291 2150 1327 2178 et
1355 2154 1420 2190 pro
1458 2145 1561 2179 modo
1586 2145 1749 2189 implere,

287 2191 434 2225 alternis
462 2202 503 2224 ac
531 2193 724 2226 reconditis
759 2198 798 2227 ut
831 2193 953 2227 dicunt
987 2191 1317 2236 complicationibus
1354 2197 1389 2226 et
1414 2191 1682 2226 confusionibus
1707 2194 1750 2227 ad

286 2249 326 2272 se
354 2238 488 2272 referat
518 2244 552 2272 et
576 2249 642 2283 pro
674 2240 814 2273 ratione
847 2240 960 2286 ipsius
995 2239 1110 2273 lucem
1150 2239 1310 2273 infundat
1352 2239 1471 2273 multis
1507 2249 1628 2272 eorum
1658 2250 1749 2284 quae

285 2285 354 2329 ipsi
382 2285 541 2319 subiecta
566 2291 658 2320 sunt.
715 2288 836 2332 itaque
876 2292 1038 2332 tanquam
1079 2286 1198 2320 multis
1236 2297 1255 2319 e
1280 2285 1436 2329 speculis
1461 2296 1531 2319 una
1558 2286 1749 2331 eademque

286 2331 398 2366 facies
429 2339 577 2377 apparet
610 2339 645 2367 et
677 2335 841 2368 materias
878 2344 968 2379 quae
996 2333 1105 2368 effuse
1139 2334 1296 2367 infinitae
1321 2338 1403 2367 sunt
1437 2338 1472 2366 et
1503 2333 1748 2368 interminatae
1808 2339 1811 2345 ’

285 2390 385 2412 mens
411 2381 454 2414 ad
480 2391 576 2414 suam
617 2381 789 2414 rationem
828 2391 870 2415 ac
902 2386 1059 2415 naturam
1095 2381 1222 2428 format
1259 2385 1294 2414 et
1323 2380 1416 2414 inter
1441 2390 1480 2414 se
1502 2381 1688 2424 coniungit
1714 2387 1749 2415 et

289 2427 480 2470 componit.
534 2427 785 2471 contemplatio
814 2434 929 2462 autem
950 2438 1039 2473 quae
1065 2429 1163 2472 prius
1191 2428 1227 2461 in
1253 2426 1359 2461 rebus
1384 2428 1522 2462 arcanis
1550 2438 1592 2462 ac
1616 2428 1747 2462 divinis

289 2474 498 2507 versabatur
536 2486 555 2508 e
596 2475 825 2510 sensibilibus
864 2476 932 2508 iam
982 2485 1127 2519 egressa
1162 2475 1288 2508 mentis
1323 2480 1585 2509 consentaneae
1617 2475 1747 2509 rationi

286 2521 409 2555 servit.
473 2531 581 2565 quare
621 2523 733 2556 sancti
768 2528 886 2567 patres
914 2523 991 2556 dum
1018 2523 1138 2556 divina
1170 2532 1212 2555 ac
1236 2521 1404 2555 mentalis
1428 2522 1602 2566 principia
1627 2521 1746 2566 expli-

286 2577 367 2601 care
394 2568 554 2610 student,
592 2579 656 2613 pro
684 2570 846 2614 exemplo
873 2569 1056 2603 luculento
1099 2574 1242 2603 utuntur
1265 2569 1373 2603 radiis
1399 2569 1485 2603 solis
1512 2569 1572 2614 qui
1601 2574 1741 2613 etymo-

287 2615 406 2658 logice
433 2625 452 2647 a
476 2616 641 2649 radiando
670 2616 837 2661 explicati
872 2617 1064 2650 funduntur
1099 2616 1237 2661 quidem
1276 2626 1344 2649 nec
1378 2621 1494 2649 tamen
1520 2616 1661 2650 omnino
1688 2616 1745 2649 ef.

287 2661 479 2695 funduntur
503 2663 566 2696 sed
595 2665 733 2698 extensi
753 2665 891 2698 radiant
916 2663 1144 2697 circumcirca
1167 2672 1231 2707 pro
1256 2661 1414 2696 locorum
1442 2662 1638 2697 latitudine.
1664 2673 1743 2697 nem

290 2707 431 2751 plenum
459 2720 538 2742 esse
568 2710 654 2743 dicit
678 2711 728 2745 St.
755 2712 923 2746 Maximus
949 2711 1049 2744 deum
1077 2711 1247 2755 cuiusque
1282 2710 1335 2743 rei
1362 2719 1489 2744 causae
1518 2710 1682 2754 propriae
1709 2715 1744 2743 et

290 2755 389 2788 varia
415 2755 524 2789 multa
548 2758 698 2792 transire
724 2759 880 2793 rationes
896 2758 971 2792 eius
996 2758 1263 2802 providentiam·
1287 2762 1403 2794 tamen
1421 2757 1637 2798 individuum
1665 2766 1743 2791 eum
