1826 3120
323 143 621 190 ms‘romAE
657 141 1005 187 BYzAN'nNAE
1029 106 1153 188 xxix.
1187 131 1281 188 22.
1331 131 1425 187 23.
1527 137 1624 186 285

154 266 250 295 ναι·
309 250 524 308 ου’δὲγάρ
570 251 696 309 φύσει
739 251 1075 309 τοῖς-πράγμασι
1117 249 1169 295 τοὶ
1202 250 1407 304 ὄνόματα,
1441 251 1513 293 ναὶ
1539 247 1625 305 μὴν

151 318 253 361 ου’δᾶ
284 317 428 376 φύσις,
461 316 569 361 α’λλά
600 318 708 362 κατὰ
739 319 953 376 συνθήκην
984 318 1056 362 καί
1073 319 1327 376 συμφωνίαν
1357 317 1527 372 α’νδρῶν
1545 332 1627 358 συ-

149 388 277 429 νετῶν
297 385 578 442 ἐπιγίγνονται
604 393 688 438 τοῖς
713 387 958 442 πράγμασιν
979 384 1300 443 αἶ’σημαντικαί
1318 388 1401 428 τῶν
1427 381 1624 440 πραγμά-

149 469 234 496 των
255 454 535 510 προσηγορίαι
565 453 668 498 κατὰ
702 454 775 496 τὸν
809 457 1016 497 Νυσσαέα
1045 456 1085 497 Γ
1083 453 1291 510 ρηγόριον.

114 523 137 560 5
282 523 367 565 Δεῖ
390 520 469 576 γὰρ
514 520 561 564 ἔκ
606 538 649 564 τε
693 522 775 564 τῶν
820 518 1038 576 ἡμετέρων
1072 520 1146 563 καί
1186 517 1278 574 ἅμα
1310 522 1393 563 τῶν
1423 517 1622 574 θύραθεν
1638 534 1712 568 28

149 589 312 644 σοφῶν,
340 590 554 645 σύμφωνα
586 590 889 646 φθεγγομένων
921 590 966 631 ἐν
993 595 1085 639 ταῖς
1115 591 1197 632 τῶν
1228 588 1363 643 λόγων
1390 588 1622 644 ἐπιστημο-
1637 595 1663 631 f.
1676 595 1741 631 137
1750 605 1787 632 v.

147 661 283 706 νικαῖς
323 655 586 711 ἀκριβείαις,
626 659 682 714 τῷ
712 656 881 709 ἀμαθεῖ
914 657 989 711 τὴν
1021 656 1302 712 προπαίδειάν
1331 671 1395 699 σοι
1428 656 1501 711 τῆς
1530 671 1623 698 τοι-

151 721 282 778 αύτης
313 720 543 778 προσάγειν
583 725 876 778 διδασκαλίας,
907 724 963 772 ὥς
994 721 1046 766 ἂν
1085 719 1196 766 οὕτω
1227 726 1508 781 δυνηθείημεν
1539 724 1621 777 ὀψὲ

146 790 248 844 γοῦν
275 793 534 834 καθικέσθαι
563 794 637 847 τῆς
668 792 836 846 σαθρᾶς
868 789 942 834 καί
971 791 1270 847 οἶμαθεστάτης
1309 807 1387 834 σου
1420 792 1620 841 διανοίας.

93 855 288 912 1οτεἴχος
316 855 398 913 γὰρ
428 856 449 899 ὅ
485 860 619 913 μέγας
662 855 779 901 εἶναι’
806 876 911 915 φησι
950 863 1180 908 Βασι’λειος
1219 864 1307 907 τοῖς
1342 860 1521 914 δόγμασι
1552 861 1622 913 τῆς

148 928 233 968 τῶν
261 926 456 981 θύραθεν
499 925 731 982 ἐπιστήμης
771 926 849 982 τὴν
880 924 1075 980 δύναμιν,
1122 921 1199 968 οὐκ
1229 927 1366 969 ἐῶσαν
1398 926 1504 968 αὐτοὶ
1534 931 1622 976 τοῖς

150 995 426 1046 βουλομένοις
454 993 651 1036 εὖᾶλωτὰ
670 1010 714 1036 τε
738 997 811 1036 καί
839 993 1135 1049 εὕδιάρπαστα
1171 994 1380 1049 γίνεσθαι,
1436 993 1508 1035 καί
1537 988 1623 1034 αὖ·

147 1061 217 1109 θις
242 1058 264 1102 ὃ
289 1061 408 1109 θεῖος
443 1060 752 1114 Χρυσόότομος
773 1057 902 1103 “ὃ’ταν
931 1063 1032 1117 περί
1059 1060 1280 1115 δόγματα”
1309 1059 1567 1116 φησί“νοσῇ
1597 1059 1620 1114 ἢ

151 1124 275 1181 ψυχὴ
307 1124 359 1168 τοὶ
393 1126 516 1182 νόθα,
548 1125 680 1182 πολλῆ
711 1129 789 1169 τοῦ
821 1125 945 1182 λόγου
977 1130 1165 1170 ἐνταῦθα
1201 1126 1395 1182 ἦχρειά,
1432 1127 1485 1167 ου’
1515 1124 1621 1179 πρὸς

91 1199 133 1236 15
149 1191 226 1248 τὴν
255 1195 338 1236 τῶν
367 1194 532 1237 οἰκείων
563 1194 804 1251 α’σφάλειαν
823 1197 966 1250 μόνον,
1009 1193 1118 1238 α’λλά
1154 1197 1228 1237 καί
1259 1193 1363 1248 πρὸς
1391 1192 1490 1242 τούς
1517 1191 1620 1244 ἔξω·

148 1263 226 1303 θεν
267 1261 519 1315 πολέμους.”
589 1264 663 1304 καί
687 1258 816 1313 αὖθις
847 1264 868 1305 ὁ
894 1267 1020 1321 θεῖος
1053 1262 1255 1315 Μάξιμος
1295 1258 1427 1316 “”δι’χα
1455 1263 1622 1315 λογικῆς

147 1325 369 1387 δυνοὶμεως
399 1329 724 1386 ἐπιστημονικῆ”
753 1331 861 1387 φησί
878 1327 1061 1384 (ζγνῶσις
1083 1331 1160 1371 οὐκ
1190 1328 1278 1372 ἔστι
1297 1366 1308 1385 ‚
1336 1328 1409 1370 καί
1427 1328 1619 1383 γνώσεως

145 1398 282 1452 χωρίς
309 1396 363 1438 ου’
387 1401 635 1440 συνίσταται
667 1397 844 1448 πίστις.”
900 1394 1002 1454 δρᾷς
1029 1396 1074 1440 τὸ
1105 1399 1190 1439 τῶν
1220 1399 1306 1439 σῶν
1333 1397 1620 1452 βλασφημιῶν

147 1461 294 1517 αἴτιον,
338 1459 564 1518 ἄνθρωπε·
637 1466 763 1507 ου’δὲν
808 1464 893 1521 γάρ
932 1464 1076 1520 ἕτερον
1120 1462 1148 1519 ἧ
1184 1459 1350 1512 πάντως
1397 1462 1420 1517 ἦ
1457 1461 1621 1504 τούτων

88 1525 325 1586 ηοᾶγνοια,
365 1535 472 1587 λέγω
514 1532 566 1587 δὴ
602 1531 677 1587 τήν
719 1535 800 1574 τῶν
834 1532 1031 1586 θύραθεν
1062 1531 1134 1574 καί
1171 1535 1255 1574 ταῖν
1286 1531 1503 1587 ἡμετέρων
1533 1525 1624 1583 ἅμα

148 1600 297 1656 σοφῶν
335 1600 410 1642 καί
445 1598 658 1654 θεολόγων
706 1600 873 1654 ἀνδρῶν
919 1598 1165 1656 ἐπιστήμην.
1233 1595 1283 1655 ἦν
1323 1596 1553 1653 ἅγνοοῦντοὶ
1576 1612 1625 1640 σε

149 1666 226 1708 νῦν
253 1667 358 1722 γοῦν
387 1667 649 1723 διδαχθῆναι
678 1665 818 1723 χρεών
846 1669 1055 1711 ἐνταυθοῖ
1077 1671 1176 1723 παρ’
1205 1666 1337 1723 ἡμῶν.

149 1875 352 1911 nominibus
379 1881 415 1911 et
439 1875 560 1911 verbis
581 1877 694 1919 mixti,
721 1887 839 1921 neque
859 1876 952 1912 enim
977 1877 1103 1922 gignet
1126 1876 1234 1911 rebus
1259 1877 1403 1911 nomina
1422 1876 1498 1911 ullo
1519 1876 1622 1911 modo

148 1934 196 1959 ne
219 1929 346 1959 natura
371 1925 526 1969 quidem,
553 1925 615 1958 sed
642 1935 686 1958 ex
716 1925 970 1958 convenientia
1002 1930 1036 1958 et
1063 1925 1301 1959 consensione
1328 1924 1507 1959 hominum
1534 1935 1622 1970 pru-

146 1972 292 2054 {lentum
326 1973 487 2007 oriuntur
523 1972 630 2006 rebus
659 1973 802 2006 nomina
843 1983 901 2007 res
933 1972 1170 2018 significantia
1209 1972 1400 2013 secundum
1430 1973 1623 2019 Gregoram

180 2029 358 2064 yssaeum.

280 2085 343 2120 Est
383 2087 478 2120 enim
515 2095 604 2131 opus
640 2098 658 2120 e
697 2087 895 2129 sapientum
933 2086 993 2130 qui
1032 2086 1123 2129 apud
1158 2095 1223 2119 nos
1260 2090 1295 2119 et
1332 2086 1424 2129 apud
1451 2091 1620 2119 externos

152 2138 234 2168 sunt
263 2134 570 2167 consentientibus
595 2135 629 2167 in
657 2134 839 2167 literarum
869 2133 1066 2167 subtilitate
1091 2134 1194 2166 dictis
1220 2133 1282 2166 tibi
1300 2133 1478 2166 inerudito
1510 2133 1623 2166 addu-

150 2191 236 2215 cere
261 2182 569 2226 praeparationem
590 2182 762 2215 eiusmodi
792 2181 1038 2222 institutionis,
1068 2186 1106 2213 ut
1126 2180 1193 2214 hoc
1214 2181 1318 2214 modo
1340 2181 1514 2224 possimus
1541 2186 1623 2213 tan-

149 2229 227 2263 dem
265 2227 455 2273 aliquando
489 2234 637 2271 tangere
679 2234 833 2262 mentem
882 2234 976 2261 tuam
1022 2228 1182 2262 obtusam
1225 2233 1260 2261 et
1298 2228 1620 2262 ineruditissimam.

149 2286 284 2310 murum
310 2277 403 2309 enim
431 2277 630 2322 dogmatum
658 2276 811 2310 Basilius
837 2286 984 2320 magnus
1013 2286 1092 2309 csse
1120 2276 1206 2308 dicit
1232 2281 1458 2309 externorum
1485 2275 1622 2308 doctri-

148 2334 218 2358 nae
245 2324 337 2366 vim,
365 2334 457 2369 quae
483 2334 554 2358 non
580 2325 674 2358 sinat
701 2334 741 2357 ea
777 2334 795 2356 a
823 2323 985 2367 quolibet
1020 2323 1193 2367 exagitari
1221 2328 1256 2356 et
1289 2323 1408 2366 diripi,
1437 2328 1472 2356 et
1500 2331 1620 2356 rursus

110 2385 119 2391 ‘
151 2371 426 2415 chrysostomus
462 2372 618 2405 divinus.
678 2382 754 2404 cum
794 2382 837 2404 ex
871 2371 1065 2414 dogmatis,
1108 2371 1245 2415 inquit,
1285 2375 1448 2414 aegrotat
1484 2371 1620 2403 animus

151 2419 296 2463 spuriis,
323 2424 395 2453 tum
424 2429 573 2464 magnus
600 2419 781 2452 literarum
813 2424 866 2451 est
895 2428 998 2459 usus,
1033 2428 1105 2451 non
1142 2417 1258 2451 solum
1284 2423 1407 2451 contra
1434 2417 1620 2450 infirmita-

151 2471 221 2500 tam
247 2467 476 2500 domesticam
503 2467 564 2501 sed
593 2468 697 2500 etiam
726 2471 849 2500 contra
877 2465 1048 2499 tumultus
1076 2471 1268 2499 externos:
1298 2470 1334 2498 et
1358 2475 1480 2498 rursus
1506 2464 1620 2497 maxi..

151 2524 227 2548 mus
253 2514 422 2557 divinus,
462 2515 540 2548 sine
567 2514 748 2548 literarum
788 2514 846 2555 vi,
873 2513 1010 2556 inquit,
1035 2522 1107 2545 non
1134 2514 1247 2546 oritur
1272 2522 1358 2546 vera
1386 2513 1558 2557 cognitio,
1586 2515 1622 2543 et

151 2562 230 2595 sine
257 2562 464 2606 cognitione
486 2572 556 2596 non
585 2563 750 2595 consistit
775 2562 874 2595 fides.
940 2561 1041 2593 vides
1069 2561 1135 2593 iam
1170 2560 1457 2593 maledictionum
1484 2565 1620 2592 tuarum

151 2618 306 2651 causam,
331 2610 458 2652 amice,
487 2609 558 2643 alia
585 2611 677 2643 enim
710 2615 764 2642 est
788 2608 887 2641 nulla
923 2618 1023 2652 quam
1058 2609 1202 2641 omnino
1237 2608 1438 2651 ignorantia
1464 2606 1620 2647 illorum,

151 2657 231 2690 dico
261 2657 424 2690 nimirum
452 2658 610 2691 virorum
638 2658 697 2701 qui
724 2657 815 2700 apud
844 2660 1010 2688 externos
1040 2660 1075 2688 et
1100 2656 1191 2699 apud
1225 2665 1290 2688 nos
1316 2660 1398 2687 sunt
1422 2655 1621 2697 sapientum

152 2709 189 2738 et
217 2704 255 2738 in
294 2714 352 2738 res
389 2705 528 2738 divinas
563 2706 815 2750 inquirentium
850 2703 1065 2745 doctrinam,
1103 2713 1205 2748 quam
1244 2713 1322 2736 cum
1356 2703 1501 2747 ignores
1526 2709 1621 2735 nuno

149 2751 277 2790 saltem
305 2753 489 2788 edocearis
513 2763 666 2788 necesse
694 2757 748 2786 est
784 2752 842 2786 hic
869 2761 889 2785 a
911 2750 1027 2785 nobis.
