1852 3138
41 0 330 65 “tv-ww—

183 156 186 161 -
241 86 540 174 nis-roma
576 125 922 200 nYzAu'mgAE
943 129 1087 175 xxxi.
1118 114 1366 172 19—21.
1475 121 1572 179 361

101 256 260 297 ποντα,
290 241 471 293 μένοντα
502 239 544 280 δ’
574 239 619 281 ἕν
646 239 700 296 τῇ
728 233 914 294 ἑνότητι·
971 235 1017 279 τὸ
1064 234 1144 291 γάρ
1178 237 1472 291 πληθύνεσθαι
1504 234 1577 279 τόν

56 345 59 348 .
104 310 181 353 ἕνα
211 306 317 352 θεὸν
354 313 446 355 ταῖς
475 311 772 362 προνοητικαῖς
802 302 1017 359 προόδοις,
1041 307 1231 346 τουτέστι
1263 308 1348 354 τοῖς
1383 318 1428 346 τε
1457 305 1578 358 ἐγκο-

104 374 246 428 σμίοις
283 373 357 418 καί
391 375 693 429 ὕπερκοσμιόις
738 370 958 426 θαύμασι,
1011 373 1277 425 διαιρεῖσθαι
1334 373 1407 414 καί
1451 372 1578 426 μερί-

105 444 263 496 ζεσθαί
288 443 402 485 ἔστιν
429 438 673 495 ἂναλόγως,
717 445 1041 516 συμμαρτυρεῖν
1083 437 1306 481 κάνταῦθά
1337 436 1377 481 οἱ
1415 436 1576 493 ψευδό-

70 514 230 565 5μενὸς
271 509 345 552 καί
397 511 677 565 συκοφαντῶν
721 506 795 551 τὸν
840 507 1062 550 θειότατον
1103 507 1322 559 Μάξιμον.
1396 508 1456 557 εἰς
1492 504 1575 561 γὰρ

105 579 249 633 ἕτερον
271 576 351 632 τὴν
381 577 508 634 ρῆσιν
534 577 766 632 μεταφέρει
800 577 926 633 νοῦν,
957 573 1227 629 κακοτρόπως
1257 577 1476 628 συγκυκῶν
1506 572 1580 615 καί

106 643 428 699 α’ναμοχλειῖων.
486 659 583 697 περι
614 643 663 698 ἧς
703 645 778 685 καί
809 644 940 684 πλείω
984 646 1118 697 λέγειν
1159 641 1233 683 καί
1266 639 1477 694 ἐξετάζειν
1498 657 1578 682 και

106 712 325 755 διδάσκειν
353 711 578 753 κάνταῦθα
603 708 677 752 τὸν
706 711 856 765 α’μαθῆ
874 708 1131 764 βουλόμενος
1158 707 1287 764 ἔγωγε
1319 709 1580 764 προσήκοντα

105 781 181 823 νῦν
213 776 288 821 τὸν
315 776 466 833 καιρὸν
496 777 589 831 ovs
617 775 729 830 ὅραι·
764 772 850 819 ὅτε
878 775 957 831 γάρ
993 778 1075 820 τῶν
1113 773 1254 819 ἄλλων
1296 771 1460 818 ανωθεν
1503 775 1583 817 α’ν-
1630 783 1632 786 ’

50 850 95 887 10
108 850 274 891 &ianm
303 842 453 925 εἶρμὸς
483 860 559 886 ουκ
586 846 636 902 ἐᾷ
666 846 900 906 διατρίβειν
927 860 1007 898 με,
1039 861 1110 887 και
1145 840 1248 923 ἅμα
1264 841 1370 898 πρὸς
1402 839 1580 897 ἄτεχνόν

107 930 152 958 τε
182 916 254 956 καὶ
283 913 533 968 κακὸτεχνον
563 908 714 967 ψυχῂν
745 911 1017 954 σι’κείσιέναι
1035 910 1194 954 δύναιτ’
1221 907 1273 952 ἂν
1297 910 1456 969 ραδίως
1481 925 1581 952 ουτε
1643 954 1647 957 ,

105 982 207 1036 γοῦν
235 977 381 1036 βραχύ
411 995 454 1022 τι
496 981 579 1022 ταῖν
607 979 791 1033 ευ’λόγων
820 981 947 1034 μέρος
994 994 1092 1021 ουτε
1131 979 1218 1034 μὴν
1247 980 1291 1021 ἐν
1317 976 1618 1035 βραχυτάτῳί.
1630 985 1738 1027 171τ..

105 1047 234 1103 μέρει-
255 1045 428 1102 χρόνου.

228 1110 372 1173 ’Όμῳς
411 1113 462 1158 ἵν’
502 1109 669 1171 εἰιεῖθεν
715 1114 996 1168 ἀναλάβωμεν
1047 1112 1290 1163 ἐπανιόντες
1330 1109 1460 1163 αὖθις
1507 1111 1666 1157 τὸνΒΙ.

49 1182 254 1238 15267020,
282 1185 356 1224 καί
395 1184 479 1224 τῶν
518 1181 693 1235 α’τόμων
720 1182 877 1224 ου’σιῶν
918 1179 1075 1237 ἑκάστη
1116 1186 1196 1234 μιά
1230 1184 1305 1224 κατ’
1333 1179 1480 1237 πρώτη
1508 1183 1583 1223 καί

106 1247 357 1305 ἀδιαίρετός·
376 1251 482 1302 ἐστι’,
510 1251 582 1292 καί
606 1251 698 1292 κατ’
726 1250 828 1290 αιῖτό
849 1265 896 1303 γε
917 1252 1044 1291 τοῦτο
1067 1250 1141 1292 καί
1168 1250 1342 1305 α’μερής.
1373 1245 1470 1291 οὔτε
1498 1247 1578 1303 γὰρ

106 1316 212 1362 εἴδει
243 1312 339 1360 οὔτε
370 1313 545 1376 ἀριθμῷ
574 1313 685 1360 εἶναι
716 1319 816 1360 καθ’
860 1313 991 1372 αὖτὴν
1027 1316 1343 1373 μεμαθήκαμεν
1373 1319 1580 1370 ου’δεμιάν

107 1384 279 1428 αυτῶν·
315 1383 387 1427 διὰ
404 1383 485 1440 γὰρ
506 1387 633 1427 τοῦτο
665 1402 734 1427 και
769 1387 956 1437 α’τόμους
987 1385 1136 1435 ου’σιάς
1166 1389 1308 1441 φαμὲν
1328 1402 1378 1428 τα
1411 1384 1578 1427 τοιοίδε·

106 1452 199 1495 ἀλλ’
238 1450 461 1502 ου’σιοόδεις
504 1467 619 1504 ομως
652 1450 802 1506 ἔχουσι
844 1451 1061 1508 διαφορᾶς
1106 1454 1150 1494 ἐν
1192 1454 1250 1509 τῷ
1298 1452 1435 1509 οἰκείῳ
1479 1448 1578 1509 ὅρῳ

14 1527 94 1568 20
106 1520 207 1562 ου’δὲ
235 1517 317 1574 γὰρ
336 1517 463 1560 ου’δὲν
482 1534 579 1561 ουτε
609 1521 691 1560 τῶν
710 1516 968 1573 ὁριζομένων
990 1535 1085 1561 ουτε
1107 1521 1190 1561 τῶν
1218 1520 1531 1572 διαιρουμένων
1556 1515 1584 1574 ἢ

104 1588 391 1642 μεριζομένων
419 1585 494 1642 ὑφ’
513 1585 619 1628 αυτό
644 1583 720 1636 τὰς
738 1586 998 1636 ου’σιώδεις’
981 1587 1068 1641 ε’χει
1099 1585 1328 1641 διαφορας,
1354 1585 1448 1627 αλλ’
1469 1582 1585 1629 ἄνω-

105 1658 182 1697 θεν
212 1651 413 1697 κατιόντα
446 1656 615 1709 δέχεται
638 1655 709 1696 τὸν
733 1658 987 1697 συντιθέντα
1015 1655 1205 1709 ὁρισμόν,
1235 1658 1280 1697 ἐκ
1309 1655 1456 1708 γένους
1482 1649 1584 1697 ὄντα

106 1720 179 1765 καὶ
201 1723 467 1766 συστατικῶν
498 1722 741 1779 διαφορῶν·
800 1720 1039 1777 ὁριζόμενοι
1059 1720 1140 1777 γὰρ
1172 1719 1247 1764 τὸν
1276 1717 1504 1777 ἄνθρωπον
1535 1721 1584 1763 οὗ

107 1921 276 1979 partitum
300 1930 407 1956 unum
433 1925 473 1955 ut
510 1919 625 1955 solem
661 1919 792 1954 multos
822 1920 941 1955 radios
980 1920 1220 1961 emittentem,
1253 1922 1456 1953 manentem
1494 1928 1582 1954 vero

108 1970 146 2004 in
172 1969 322 2004 unitate.
372 1968 549 2014 pluralem
577 1978 657 2002 esse
683 1969 786 2002 deum
811 1969 1053 2013 praecognitis
1085 1967 1295 2009 eventibus,
1322 1966 1391 2000 hoc
1419 1971 1486 2009 est,
1512 1977 1582 2001 na-

108 2017 282 2052 turalibus
309 2021 345 2051 et
372 2015 704 2061 supernaturalibus
728 2015 933 2057 miraculis3
971 2016 1100 2049 divisio
1119 2020 1164 2048 et
1205 2015 1349 2059 partitio
1379 2019 1433 2048 est
1458 2015 1502 2048 ad
1527 2015 1582 2049 si..

107 2064 357 2098 militudinem.
417 2065 566 2098 assentit
602 2063 847 2097 fraudulentus
881 2063 946 2096 ille
985 2068 1020 2096 et
1053 2064 1095 2097 D.
1123 2062 1309 2097 Maximum
1346 2061 1580 2096 calumnians.

109 2113 307 2147 orationem
335 2113 429 2146 enim
462 2112 498 2145 in
535 2113 749 2145 contrariam
788 2116 922 2155 partem
948 2111 1118 2144 transfert
1144 2109 1383 2154 perturbatam
1410 2115 1446 2143 et
1473 2120 1582 2144 ever..

109 2170 196 2203 sam,
215 2161 260 2194 de
281 2169 351 2205 quo
381 2159 485 2204 plura
514 2160 637 2193 dicere
667 2165 702 2192 et
726 2160 907 2192 indoctum
936 2159 1138 2192 examinare
1155 2162 1190 2190 et
1207 2158 1339 2191 docere
1366 2156 1491 2199 velim,
1518 2157 1582 2191 sed

108 2205 246 2252 tem'pus
271 2209 339 2241 iam
365 2213 484 2262 aptum
518 2217 589 2240 non
619 2207 738 2240 video.
790 2216 869 2239 nam
908 2216 1025 2239 rerum
1055 2206 1137 2239 inde
1169 2205 1213 2238 ab
1239 2205 1340 2238 initio
1369 2205 1482 2238 series
1508 2214 1582 2238 non

109 2256 240 2299 patitur
262 2265 319 2288 mc
344 2255 475 2289 morari
499 2265 567 2288 nec
595 2260 739 2299 propter
764 2255 913 2287 inertem
933 2259 967 2286 et
991 2253 1180 2298 malignam
1195 2257 1348 2285 mentem
1373 2262 1445 2285 non
1473 2251 1580 2286 facile

110 2302 253 2348 assequi
279 2303 355 2337 sani
380 2303 581 2348 quicquam,
607 2313 653 2335 ne
679 2302 891 2336 brevissimo
918 2301 1059 2345 quidem
1085 2306 1259 2344 tempore.

243 2367 460 2412 Quamquam
484 2368 623 2401 reversi
652 2377 773 2401 rursus
801 2367 997 2400 orationem
1032 2366 1259 2420 recipiamus.
1311 2365 1580 2399 elementalium

113 2415 346 2450 essentiarum
373 2425 607 2460 unaquaeque
633 2415 739 2448 unica
773 2420 827 2447 est
865 2419 900 2447 et
926 2414 1093 2457 primaria
1126 2418 1161 2446 et
1198 2414 1375 2457 impartita
1418 2418 1452 2446 et
1478 2413 1523 2446 ob
1548 2413 1585 2447 id

111 2463 226 2507 ipsum
252 2472 325 2496 non
350 2462 584 2496 dissolubilis.
648 2473 719 2495 non
748 2463 839 2505 enim
868 2461 990 2505 specie
1018 2466 1077 2494 aut
1106 2471 1254 2494 numero
1281 2466 1446 2494 constare
1473 2459 1582 2494 ullam

110 2509 376 2552 intelleximus,
401 2511 483 2544 ideo
519 2509 753 2544 elementales
788 2510 961 2542 essentias
988 2518 1169 2542 vocamus.
1229 2508 1441 2541 essentiales
1466 2513 1584 2542 tamen

111 2558 307 2592 varietates
338 2557 470 2592 habent
496 2558 531 2592 in
558 2558 712 2602 propriis
738 2558 811 2590 suis
838 2557 978 2590 linibus.
1037 2555 1127 2589 nihil
1167 2556 1260 2589 enim
1301 2565 1422 2589 eorum
1440 2579 1451 2597 ,
1492 2565 1584 2600 quae

111 2610 277 2650 separata
298 2610 380 2638 sunt
404 2611 464 2639 aut
490 2605 663 2640 dissoluta
688 2608 747 2637 aut
774 2606 915 2648 partita,
943 2603 1155 2637 essentiales
1181 2603 1217 2635 in
1243 2613 1282 2636 se
1298 2604 1491 2637 varietates
1518 2604 1586 2637 ha..

110 2652 185 2695 bet,
213 2652 276 2686 sed
299 2652 343 2685 ab
371 2653 474 2686 initio
507 2653 798 2697 progredientem
834 2652 966 2695 recipit
1002 2650 1246 2684 definitionem
1284 2651 1515 2694 compositam
1542 2661 1587 2684 ex

113 2709 249 2745 genere
275 2704 312 2732 et
337 2701 633 2744 componentibus
660 2699 905 2733 varietatibus.
957 2699 1168 2732 definientes
1186 2699 1278 2731 enim
1298 2698 1490 2740 hominem,
1512 2708 1585 2732 non

112 2745 347 2798 elementales
378 2752 413 2781 et
436 2753 586 2783 naturae
613 2748 792 2782 subiectas
815 2747 990 2782 essentias
1023 2746 1284 2791 pei-scrutaturi
1311 2746 1474 2796 dicimus„
1490 2756 1521 2780 e.
1548 2755 1584 2791 g.
