1786 3138
268 159 364 207 512
493 156 497 158 ’
551 157 560 166 ’
646 155 983 209 ἯιοΕΡΗοιυ
1029 162 1348 230 οιιῃροιιΛΕ-
1518 172 1607 221 3³5³

265 287 307 312 τι
336 269 550 324 ἔμμουσον
580 264 699 324 οἶμαι
730 268 1002 325 φανήσεσθαι
1039 267 1084 311 τὸ
1125 270 1207 311 τῶν
1234 267 1483 310 ὖποθέσεων
1518 266 1726 324 συμμιγὲς

179 349 249 383 21
267 336 339 378 καί
366 337 638 386 πολύπλοκον,
669 337 727 384 εἰς
743 336 813 377 ἕνα
837 333 909 389 τῆς
930 334 1118 391 ἱστορίας
1142 334 1287 391 εἱρμὸν
1310 334 1577 391 ἀναγόμενον.
1608 333 1724 391 εἴρη-

263 419 334 444 ται
360 403 499 445 τοίνυν
526 401 627 456 ἡμῖν
661 401 857 457 ἀνωτέρω
881 401 936 450 ιός
954 401 1078 451 ἔθνος
1109 401 1199 444 ἐστὶ
1232 401 1671 458 πολυανθρωπότατον
1697 399 1725 456 ἦ

260 469 443 520 Ῥωσία,
484 469 556 510 καί
599 467 630 523 ηε
655 466 761 524 πρὸς
793 467 930 510 αὐτῶν
963 467 1184 523 οἰκουμένη
1226 469 1279 524 γῆ
1306 469 1440 523 μῆκος
1468 468 1541 511 καί
1570 468 1725 518 πλάτος
1757 477 1762 484 ’

264 535 312 577 οὗ
345 536 453 577 πάνυ
483 551 524 576 τι
552 533 724 590 σφόδρα
755 532 915 591 ῥαδίως
938 534 1222 590 ἀριθμεῖσθαι
1239 533 1462 586 ἐθέλουσα,
1492 533 1567 576 καὶ
1588 534 1754 583 πλοῦ-,5

260 618 330 644 τον
361 601 523 657 ἐτήσιον
568 599 635 641 ἀεὶ
677 601 924 655 γεωργοῦσα
966 599 1038 642 καί
1079 599 1351 656 καρπουμένη
1398 599 1508 642 πάνυ
1555 598 1722 657 μακρὸν

261 668 334 710 καί
366 667 601 719 πολύχουν·
663 663 823 721 ἄσημός
853 682 897 708 τε
926 665 1006 722 γὰρ
1034 671 1282 723 χορηγεῖται
1325 670 1518 717 πλεῖστος
1544 666 1719 719 ἐκεῖθεν,

259 735 614 789 μεταλλευόμενος
654 734 698 773 ἐκ
738 735 819 775 τῶν
846 733 1086 789 ἐγχωρίων,
1127 732 1316 788 καίἅμα
1362 735 1435 790 τῆς
1461 731 1536 790 γῆς
1564 735 1720 790 ἐκείνης

259 803 402 858 πολλῷ
429 802 490 858 τῷ
519 800 651 854 ψύχει
675 799 1069 856 κρυσταλλουμένης
1098 798 1166 841 διὰ
1198 800 1271 855 την
1292 798 1458 856 ἀποχῆν
1474 802 1550 843 ’τοῦ
1580 799 1718 857 ἡλίου,

261 867 390 919 ζώων,
422 866 478 918 ὥς
506 866 551 909 τὸ
583 868 714 919 εἰκός,
759 867 1083 922 πηγεσιμάλλων
1121 865 1203 909 ὑπὸ
1241 869 1314 923 τῆς
1360 867 1528 924 φύσεως
1561 867 1720 924 γίνεται
1732 882 1751 916 1

258 936 434 989 πλῆθος,
467 928 523 976 ὧν
552 933 853 991 θηρευομένων
895 931 938 974 αἱ
978 933 1152 989 σισύραι
1195 932 1301 990 πρὸς
1339 935 1422 976 τῶν
1463 935 1555 988 ἐκεῖ
1577 951 1719 977 κατοι-

259 1001 438 1043 κούντων
490 1000 561 1043 διὰ
603 1001 740 1056 πάσης
788 997 914 1055 ἄλλης
958 1001 1227 1055 πεμπόμεναι
1262 1001 1412 1057 χώρας
1449 1001 1523 1044 καὶ
1559 1001 1720 1052 πόλεως

168 1085 240 1120 22
259 1067 393 1110 πολλὰ
422 1068 667 1124 πορίζονται
694 1067 820 1123 σφίσι
835 1064 888 1108 τὰ
915 1065 1057 1123 κέρδη.
1084 1066 1158 1109 καί
1184 1063 1376 1123 μὴνκοῖκ
1400 1069 1484 1110 τῶν
1511 1068 1554 1119 ἐξ
1585 1067 1718 1110 ὠκεα-

257 1136 330 1177 νοῦ
371 1135 647 1189 γειτονοῦντος
692 1132 993 1190 θηρευομένων
1021 1133 1198 1186 ,ἰχθύων
1248 1133 1360 1176 ἔστιν
1398 1133 1425 1177 ἃ
1461 1136 1544 1178 τῶν
1587 1133 1720 1178 ὄστῶν

257 1201 408 1257 τέρψιν
434 1199 622 1256 χρειώδη
654 1199 913 1256 παρέχονται
945 1200 1183 1255 σατράπαις
1220 1200 1294 1242 καί
1325 1198 1511 1257 ἄρχουσι
1536 1200 1610 1244 καὶ
1632 1203 1749 1255 fila-1

259 1269 421 1309 σιλεῦσι
449 1267 522 1309 καί
547 1269 656 1308 πᾶσι
683 1267 839 1322 μικροῦ
868 1271 954 1316 τοῖς
983 1265 1165 1316 ἐνδόξοις
1186 1265 1292 1308 κατὰ
1319 1265 1390 1309 τὸν
1418 1267 1512 1322 βίον
1538 1267 1613 1309 καί
1642 1253 1716 1309 71⁸⁴-
1760 1319 1763 1322 Ι

261 1334 498 1390 ριβλέπτοις
532 1333 787 1390 ἀνθρώποις.
845 1334 902 1374 ἐῶ
925 1332 1059 1388 λέγειν
1077 1331 1158 1375 ὅσα
1187 1332 1292 1390 πρὸς
1319 1333 1479 1384 τούτοις
1505 1333 1716 1387 ξενίζοντα

262 1401 566 1457 δαψιλέστερον
607 1402 769 1444 ἐκεῖθεν
812 1400 984 1449 ἐκείνοις
1011 1398 1177 1448 ,οὕτωσί
1217 1399 1399 1457 παρέχει
1425 1399 1497 1444 τὸν
1525 1401 1717 1443 πλοῦτον.

256 1470 376 1511 τοῦτο
405 1469 545 1510 τοίνυν
573 1467 620 1510 τὸ
651 1466 774 1517 «ξ’θνος
802 1466 875 1523 ἀφ’
904 1461 956 1508 οὗ
979 1468 1033 1523 τῇ
1053 1466 1223 1522 εὐσεβεῖ
1235 1469 1479 1526 προσερρύη
1506 1460 1714 1528 θρησκεία

257 1535 330 1577 καί
357 1533 402 1576 τὸ
432 1537 514 1576 τῶν
538 1536 798 1591 χριστιανῶν
827 1536 945 1576 θεῖον
972 1533 1141 1584 ἐδέξατο
1171 1534 1412 1589 βάπτισμα,
1443 1533 1520 1592 ὑφ’
1547 1530 1610 1578 ἔνι’
1638 1551 1712 1578 τυ-
1725 1540 1774 1584 20

255 1603 444 1643 ποῦσθαι
478 1601 670 1643 τέτακται
697 1602 896 1652 καθάπαξ
929 1600 1127 1658 ἀρχιερεῖ
1130 1613 1158 1652 ,’
1183 1600 1289 1644 κατὰ
1318 1601 1363 1644 τὸ
1404 1602 1605 1659 ἀνάλογον
1632 1605 1714 1646 τῶν

255 1664 443 1717 ἑκάστοις
473 1663 692 1725 ἑκασταχῇ
722 1668 1019 1725 προσηκόντων
1043 1669 1101 1718 εἷς
1123 1669 1354 1719 ἐπισκοπὰς
1379 1668 1614 1726 διαφόρους
1641 1668 1715 1712 καὶ

254 1736 426 1789 μείζους
456 1735 528 1776 καί
560 1733 708 1789 ἥττους
736 1734 1043 1792 διανειμαμένῳ
1077 1733 1150 1790 τὴν
1181 1737 1255 1777 τοῦ
1282 1734 1435 1786 παντὸς
1464 1736 1616 1786 ἔθνους
1645 1736 1714 1778 ἐκ-

168 1800 553 1858 βῃκλησιαστικήν
583 1802 805 1858 διοίκησιν·
865 1803 937 1845 καί
966 1799 1076 1845 εἶναι
1101 1801 1173 1846 τὸν
1199 1805 1366 1862 πρῶτον
1390 1805 1536 1847 τοῦτον
1565 1802 1713 1861 ἆρχιε-

256 2006 390 2041 cunctis
422 2005 639 2043 diversarum
672 2017 789 2040 rerum
814 2011 945 2051 partes.
997 2007 1058 2041 sed
1082 2006 1174 2041 bene
1195 2012 1230 2041 et
1255 2007 1429 2042 concinne
1453 2007 1569 2042 varias
1594 2007 1711 2042 histo-

250 2055 324 2088 rias
351 2055 452 2098 quasi
477 2065 547 2087 uno
577 2054 722 2087 vinculo
760 2056 965 2088 coniunctas
993 2054 1069 2088 fore
1094 2059 1192 2098 puto.
1250 2054 1394 2088 narravi
1419 2060 1535 2088 autem
1561 2055 1711 2089 Russiae
1758 2052 1780 2056 „

257 2112 335 2135 esse
364 2102 683 2146 frequentissimam
717 2103 895 2135 nationem
933 2107 968 2135 et
1005 2107 1121 2135 terrae
1147 2101 1403 2145 longitudinem
1430 2106 1465 2135 et
1490 2101 1710 2136 latitudinem

254 2149 431 2182 numerari
456 2148 548 2181 haud
573 2148 680 2182 facile
707 2159 822 2192 posse.
882 2159 1017 2182 annuus
1050 2153 1244 2193 proventus
1269 2149 1400 2182 multus
1437 2159 1478 2182 ac
1502 2149 1603 2183 dives
1631 2149 1710 2182 edi-

254 2201 322 2229 tur.
372 2196 510 2240 argenti
536 2196 644 2229 multa
681 2197 762 2230 inde
797 2197 899 2239 copia
931 2197 1070 2230 ducitur
1104 2201 1139 2229 et
1173 2206 1276 2240 quum
1310 2192 1492 2229 ter1⁸ailla
1520 2196 1711 2230 constricta

255 2247 307 2275 est
331 2252 458 2286 magno
486 2243 618 2287 frigore
645 2249 789 2286 propter
822 2243 908 2277 solis
935 2243 1249 2288 longinquitatem,
1287 2242 1489 2276 animalium
1513 2248 1552 2276 ut
1576 2243 1709 2277 verisi-

252 2289 338 2323 mile
366 2295 418 2322 est
444 2289 647 2333 pellitorum
672 2296 795 2324 natura
824 2292 980 2324 nascitur
1004 2290 1202 2324 multitudo.
1266 2295 1447 2333 captorum
1474 2290 1638 2334 caprinae
1664 2289 1707 2324 ab

251 2335 379 2369 incolis
405 2347 469 2380 per
495 2346 616 2370 omnes
651 2342 762 2371 terras
800 2338 976 2382 urbesque
1013 2339 1195 2371 mittuntur
1223 2342 1257 2370 et
1288 2337 1371 2370 inde
1395 2336 1525 2370 multus
1550 2337 1708 2382 gignitur

252 2383 399 2416 fructus.
451 2389 485 2417 et
521 2384 670 2427 piscium
706 2395 748 2418 ex
785 2384 925 2418 Oceano
951 2386 1097 2419 finitimo
1136 2389 1314 2428 captorum
1353 2384 1517 2418 nonnulli
1541 2389 1623 2418 sunt
1648 2384 1708 2428 qui

253 2430 525 2464 delectationem
559 2431 730 2475 praebent
763 2432 954 2475 praefectis
988 2438 1022 2466 et
1048 2432 1264 2476 principibus
1299 2436 1334 2464 et
1359 2431 1504 2475 regibus
1531 2436 1566 2464 et
1590 2432 1707 2464 omni-

252 2477 315 2510 bus
340 2479 485 2511 vivendi
522 2480 659 2512 ratione
701 2479 860 2513 delicatis
895 2485 930 2512 et
954 2480 1134 2513 nobilibus
1169 2478 1380 2512 hominibus.
1438 2478 1537 2512 mitto
1564 2478 1706 2520 dicere,

253 2534 342 2567 quae
368 2531 552 2568 praeterea
578 2531 814 2569 transportata
837 2537 902 2570 per
926 2527 1133 2572 peregrinas
1159 2531 1271 2559 terras
1297 2525 1432 2569 largum
1455 2525 1530 2559 illis
1555 2525 1707 2559 fructum
1765 2519 1786 2574 ᾖ

251 2571 434 2613 praebent.
496 2572 584 2605 haec
617 2584 705 2617 gens
739 2575 992 2616 superstitione
1026 2584 1088 2617 per
1124 2565 1335 2617 religio'nem
1369 2577 1502 2606 remota
1544 2578 1579 2606 et
1605 2581 1705 2607 sacro
1770 2575 1786 2639 ὲ

253 2618 425 2660 baptismo
455 2618 732 2653 Christianorum
769 2626 916 2664 accepto
955 2621 997 2654 ab
1023 2631 1093 2654 uno
1120 2622 1260 2653 omnino
1289 2621 1456 2663 episcopo
1485 2619 1706 2654 administra..
1768 2626 1786 2675 f!

252 2664 365 2706 hatur,
393 2666 452 2710 qui
478 2667 520 2699 ad
545 2668 716 2700 rationem
741 2668 959 2711 singularum
981 2668 1283 2701 'necessitudinem
1309 2668 1344 2700 in
1370 2667 1530 2701 diversas
1556 2667 1706 2710 provin-
1765 2679 1786 2698 s

252 2711 324 2748 cias
348 2713 449 2745 modo
476 2714 648 2756 maiores,
682 2716 784 2748 modo
805 2716 964 2748 minores
989 2717 1097 2748 totius
1129 2719 1254 2758 gentes
1279 2714 1614 2748 administrationem
1642 2725 1706 2748 ec..
1762 2736 1770 2738 -

253 2758 486 2797 clesiasticam
512 2761 701 2796 distribuit.
752 2763 818 2797 suit
843 2763 907 2797 ille
933 2764 1065 2807 primus
1087 2764 1274 2807 episcopus
1292 2762 1705 2808 Constantinopolitanae
1759 2758 1776 2792 ’ἕ
