1786 3138
231 143 328 195 544
629 152 928 198 mmmmm
968 153 1273 199 enecone
1316 162 1322 168 »
1549 124 1565 148 ³

234 264 327 316 φεῖς
357 261 402 302 ἐκ
431 261 588 302 πολλοῦ
617 259 904 314 Μασαλιανὸν
938 252 1045 310 εἶναι
1073 258 1418 318 κατεψηφίσαντό
1443 274 1490 303 τε
1512 250 1686 302 καῖοἰεὶ

231 328 625 384 καταψηφίζονται,
654 324 761 367 πολὺ
799 325 845 368 τὸ
880 326 1187 384 ἀναμφίλεκτον
1227 326 1408 380 ἔχουσαι
1433 325 1507 369 καὶ
1533 323 1683 382 ἥκιστα

233 392 370 454 νέφειΙ
392 393 734 449 συγκρύπτεσθαι
776 392 1007 448 δυνάμεναι
1035 394 1280 449 πλάσματος
1309 392 1490 444 οὐδενός.
1518 394 1579 451 τῷ
1603 393 1684 449 γὰρ

230 457 303 514 τὴν
334 458 462 501 αὐτοῦ
495 460 642 516 φιλιάν
672 461 714 510 ἐξ
745 458 879 516 ἀρχῆς
909 459 1215 503 οἷναπόσπαστα
1232 460 1464 517 κεκτημένῳ
1495 460 1569 503 καὶ
1599 454 1686 502 οἷον

231 526 274 566 ἐν
301 529 387 574 τοῖς
408 526 481 580 τῆς
508 526 687 581 καρδίας
715 525 928 580 θαλάμοις
961 526 1394 584 άγαλματοφοροῧντι,
1424 526 1487 578 τίς
1509 523 1559 570 ἄν
1587 533 1719 568 non-5

231 592 488 634 πιστεύσειεν
524 590 677 642 ἄλλους
701 592 887 648 ἐλέγχειν
904 593 1226 650 ἐγκαυχωμένῳ,
1253 594 1326 636 καί
1355 592 1402 635 οὔ
1430 593 1547 649 μάλα
1574 594 1686 647 μᾶλ-

233 662 303 700 λον
334 657 580 714 συμμῦστην
610 659 782 708 ἐκείνοις
812 655 921 701 εἶναι
948 660 1020 702 καί
1035 659 1233 702 κοινωνὸν
1257 659 1323 702 ἀεὶ
1347 659 1685 717 καταψηφίζοιτο
1745 654 1747 657 ἵ

146 740 219 773 29
233 726 455 781 προφανῆ,
496 730 697 782 τέτταρας
739 725 789 781 δὴ
827 723 901 768 οὖν
928 726 1079 775 ταύτας
1118 725 1406 779 ξυνειλοχέναι
1443 731 1529 776 τοῖς
1559 743 1686 782 κατη-

232 791 373 847 γόροις
402 792 639 847 προτάσεις,
668 792 742 833 οὐκ
775 790 953 834 ἄλλοθέν
983 795 1114 834 ποθεν
1145 791 1234 833 ἀλλ’
1265 794 1307 843 ἐξ
1338 786 1395 835 ὧν
1426 790 1550 842 αὐτὸς
1578 791 1684 849 ὑπὲρ

233 853 385 899 ἑαυτοῦ
416 859 654 914 προήνεγκε,
684 858 790 908 τέως
817 858 1053 914 γεγένηται,
1085 860 1251 914 πρῶτον
1280 859 1358 922 μὲν
1388 856 1451 901 ὅτι
1478 867 1767 916 ,uvamque-10¹

231 923 358 980 τέραν
400 925 471 966 καί
525 924 650 974 αὐτὸς
691 924 868 967 ἁπασῶν
914 924 1118 980 αἱρέσεων
1159 923 1232 980 τὴν
1272 927 1354 967 τῶν
1391 927 1690 968 Μασαλιανῶν

232 989 458 1045 ἡγούμενος
490 991 665 1046 αἳρεσιν,
697 989 752 1040 ὦς
784 992 890 1047 φησί
918 993 1013 1042 νῦν,
1047 991 1119 1033 καὶ
1148 990 1349 1041 συνειδώς
1391 993 1452 1048 τῷ
1484 987 1575 1047 ὄρει
1599 991 1690 1034 τότε

233 1057 600 1109 ἐπιπολάζουσαν,
646 1057 718 1099 οὐκ
762 1057 1023 1112 ἅνεκάλυψεν
1066 1054 1158 1100 οὔτε
1197 1057 1278 1113 πρὸ
1316 1060 1399 1100 τῶν
1427 1055 1690 1101 ἄλλωνοῧτε

231 1121 338 1178 μετὰ
375 1122 469 1173 τοὺς
512 1121 690 1174 ἄλλους,
737 1121 828 1166 οὔτε
874 1124 964 1166 τότε
1009 1121 1100 1166 οὔτε
1142 1129 1232 1178 μετ’
1275 1124 1415 1180 ὀλίγον
1452 1123 1590 1175 εὐθύς,
1618 1124 1691 1167 καί

232 1192 363 1232 ταῦτα
394 1192 476 1232 τῶν
517 1192 682 1232 πολλῶν
725 1186 783 1240 εἷς
815 1188 871 1233 ὢν
903 1191 975 1233 καί
1017 1190 1141 1240 αὐτὸς
1170 1186 1229 1240 οἷς
1259 1195 1549 1247 συμπαρεῖναι
1575 1206 1689 1246 τηνι-
1705 1205 1774 1244 15v

233 1258 366 1298 καῦτα
395 1257 469 1299 καί
500 1256 743 1313 ἀκροᾶσθαι
764 1257 996 1311 συνέβαινε,
1057 1258 1248 1312 δεύτερον
1273 1257 1317 1299 δὲ
1348 1259 1437 1308 πῶς
1460 1258 1553 1300 τότε
1580 1257 1710 1312 μηδὲ
1769 1259 1772 1262 “

234 1328 481 1380 συνηγορεῖν
522 1325 622 1379 γοῦν
659 1324 887 1379 βουληθεὶς
940 1328 1039 1374 τοῖς,
1069 1322 1183 1374 ὅπως
1222 1324 1319 1365 ποτὲ
1371 1323 1691 1376 οἷνακαλύψασιν

237 1386 377 1439 ἄλλοις
406 1389 609 1445 τοσαύτην
638 1391 788 1432 κακίαν
816 1391 912 1441 ἐκεῖ,
948 1390 1036 1431 ἀλλ’
1071 1388 1177 1432 οὕτω
1204 1395 1390 1446 μακραῖς
1413 1390 1515 1431 ἐτῶν
1545 1388 1689 1445 περιό-

236 1457 324 1506 ὃοις
354 1454 496 1512 ὥσπερ
525 1456 618 1498 τινά
644 1456 867 1513 θησαυρὸν
909 1457 1166 1511 θαλαμεύων
1205 1458 1248 1499 ἐν
1279 1457 1434 1515 καρδίᾳ
1461 1457 1534 1499 καί
1560 1456 1691 1511 μέχρι

233 1523 306 1564 νῦν
351 1522 628 1578 περιθάλπῳν
673 1522 906 1579 οἷνέκφορον
940 1521 1013 1577 τὴν
1042 1516 1131 1565 κατ’
1174 1519 1284 1573 εἶδος
1323 1520 1577 1579 προαγωγὴν
1616 1516 1786 1577 watigny}

236 1589 483 1645 σαφήνειαν,
515 1589 659 1632 ἔπειτα
688 1592 760 1631 νῦν
789 1589 1064 1644 ἐκπομπεῦειν
1093 1589 1256 1640 ἐθέλει,
1284 1590 1359 1631 τοῦ
1386 1593 1474 1640 τοῖς
1503 1587 1689 1644 ἐλέγχοις
1777 1583 1786 1651 j

241 1655 375 1697 πάλαι
407 1657 690 1713 προσήκοντος
715 1656 873 1713 χρόνου
896 1657 1066 1706 στάντος
1098 1658 1142 1698 ἐκ
1174 1657 1416 1713 διαμέτρου,
1445 1653 1691 1712 καταφυγὴν
1771 1651 1786 1709 'J

235 1724 466 1778 λεληθυῖαν
495 1723 683 1778 οἰόμενος
728 1721 831 1772 ἴσως
874 1723 1103 1779 θηρᾶσθαί
1123 1739 1216 1765 τινα
1257 1725 1329 1766 νῦν
1359 1720 1464 1779 πρὸς
1495 1721 1690 1781 α’παλλα-
1779 1713 1786 1774 qs

236 1927 345 1964 multa
370 1931 572 1965 testimonia
600 1942 711 1977 eaque
745 1929 850 1967 valde
876 1935 997 1976 aperta
1032 1930 1100 1964 iam
1135 1934 1239 1964 antea
1271 1928 1411 1973 saepius
1436 1912 1690 1963 accusaverant

239 1983 273 2011 et
298 1988 437 2022 semper
469 1985 659 2021 accusant,
692 1989 796 2023 quum
843 1989 1000 2024 magnam
1041 1978 1236 2011 firmitatem
1269 1977 1423 2010 habeant
1457 1987 1575 2021 neque
1613 1975 1689 2009 ullo

236 2025 339 2058 modo
376 2025 494 2070 obtegi
530 2027 677 2070 possint·
700 2037 720 2059 a
754 2037 929 2071 quoquam
963 2026 1057 2060 nube
1094 2025 1259 2058 comenti.
1324 2024 1401 2069 quis
1438 2024 1529 2057 enim
1557 2025 1603 2065 ei,
1629 2022 1689 2067 qui

237 2072 339 2105 istius
363 2074 551 2107 amicitiam
577 2074 619 2107 ab
658 2074 759 2107 initio
785 2075 832 2107 ita
858 2075 1016 2108 servavit
1050 2078 1088 2106 ut
1111 2082 1286 2116 nunquam
1309 2071 1514 2113 desciverit,
1543 2080 1689 2114 eamque

236 2119 273 2152 in
297 2120 412 2154 cordis
438 2121 492 2154 sui
525 2121 665 2166 angulis
692 2121 790 2165 quasi
816 2120 1038 2154 simulacrum
1064 2130 1181 2153 secum
1210 2120 1299 2160 sert,
1334 2118 1412 2162 quis
1446 2118 1526 2151 dico
1552 2118 1584 2151 ei
1610 2116 1688 2151 ullo

236 2167 339 2199 modo
363 2167 495 2210 credat,
512 2169 541 2202 si
570 2169 660 2201 alios
679 2178 874 2212 coarguere
895 2168 1013 2209 iactet,
1039 2177 1156 2210 neque
1180 2166 1296 2210 potius
1310 2166 1422 2210 ipsum
1439 2165 1563 2198 iisdem
1579 2164 1689 2198 sacris

236 2213 409 2247 initiatum
438 2220 472 2247 et
507 2216 641 2248 socium
670 2215 811 2249 illorum
840 2215 1026 2248 manifesto
1051 2213 1308 2258 deprehensum
1348 2210 1523 2245 accuset?
1569 2211 1689 2255 itaque

237 2260 366 2294 sactum
392 2266 431 2294 ut
455 2268 604 2306 quatuor
629 2261 691 2295 has
727 2273 848 2296 causas
874 2267 1098 2295 accusatores
1137 2259 1350 2303 colligerent
1382 2268 1453 2292 non
1493 2269 1536 2292 ex
1559 2258 1688 2292 alienis

236 2308 297 2342 sed
324 2318 368 2341 ex
390 2309 434 2341 iis
461 2320 551 2353 quae
581 2309 645 2342 ille
675 2310 752 2353 ipse
778 2310 820 2343 de
848 2320 887 2343 se
913 2313 1149 2343 concesserat.
1205 2308 1240 2340 in
1266 2306 1319 2339 his
1346 2307 1475 2349 prima:
1501 2305 1595 2350 quod
1611 2305 1688 2339 Ma..

235 2354 448 2388 salianorum
475 2356 638 2390 haeresin
665 2367 766 2400 quam
787 2367 880 2390 nunc
905 2357 982 2400 ipse
1008 2356 1093 2389 dicit
1117 2355 1268 2388 omnium
1296 2363 1374 2387 esse
1401 2352 1687 2387 scelestissimam

234 2407 338 2435 antea
364 2412 468 2446 quum
502 2404 536 2436 in
562 2408 679 2436 monte
706 2404 865 2436 exerceri
903 2414 975 2436 eam
1016 2407 1229 2445 compertum
1269 2400 1415 2434 haberet
1451 2409 1520 2433 non
1545 2399 1687 2440 retexit,
1760 2413 1783 2438 η

233 2459 350 2492 neque
376 2454 457 2482 ante
483 2450 574 2483 alios
597 2461 714 2494 neque
740 2449 961 2492 inter'alios‚
987 2459 1103 2493 neque
1129 2455 1199 2483 tum
1221 2458 1337 2492 neque
1363 2452 1507 2491 postea3
1534 2452 1567 2479 et
1593 2445 1689 2490 quod

233 2496 310 2538 ipse
338 2506 425 2529 unus
454 2508 496 2530 ex
522 2497 594 2530 illis
619 2497 750 2538 multis,
782 2497 907 2541 quibus
934 2503 1002 2530 tum
1030 2498 1199 2530 intererat
1224 2500 1258 2528 et
1282 2504 1369 2538 quos
1395 2494 1539 2527 audivit.
1563 2493 1687 2533 altera,

235 2543 327 2586 quod
356 2548 427 2576 tum
457 2555 502 2576 ne
529 2555 605 2576 cum
627 2544 706 2577 aliis
732 2545 870 2588 quidem
908 2544 966 2588 qui
992 2543 1052 2576 ihi·
1068 2548 1198 2576 tantuin
1231 2542 1348 2575 scelus
1375 2540 1597 2585 retegebant,
1623 2549 1687 2572 ac-

234 2589 452 2623 cusationem
483 2591 601 2624 facere
622 2590 747 2633 voluit,
773 2591 835 2624 sed
862 2601 924 2634 per
949 2590 1078 2624 multos
1103 2598 1211 2623 annos
1237 2593 1399 2632 tanquam
1424 2587 1625 2622 thesaurum
1650 2587 1688 2618 in

234 2636 340 2669 corde
367 2638 544 2672 conditum
573 2648 684 2681 usque
711 2639 752 2671 ad
779 2637 847 2671 hoc
875 2644 1011 2681 tempus
1030 2638 1120 2670 fovit
1142 2641 1179 2669 ut
1203 2646 1275 2668 rem
1303 2646 1403 2679 quam
1431 2635 1556 2668 efferre
1581 2634 1687 2667 time-

231 2682 291 2716 hat
315 2690 459 2728 propter
485 2686 555 2718 vim
579 2685 792 2727 testimonii,
822 2695 915 2718 nunc
946 2694 1032 2718 vcro
1070 2683 1179 2716 multo
1206 2683 1271 2715 iam
1304 2683 1472 2726 temporis
1490 2679 1689 2715 intervallo

240 2739 310 2777 quo
335 2733 596 2766 accusationem
631 2732 751 2766 facere
780 2742 856 2766 eum
892 2731 1076 2777 oportebat
1101 2729 1364 2776 praeterlapso,
1398 2730 1559 2776 proferre
1598 2729 1689 2773 vult,

1781 2338 1786 2346 ι

1761 2382 1773 2394 o

1758 2487 1786 2531 a}

1769 2536 1786 2581 ἐἳ

1769 2586 1786 2604 '³⁶

1773 2605 1786 2636 x}

1772 2635 1786 2657 ξ

1758 2690 1761 2691 ⁷
1772 2661 1786 2704 ι

1769 2758 1775 2768 2
