<?xml version="1.0" encoding="UTF-8"?>
<!DOCTYPE html PUBLIC "-//W3C//DTD XHTML 1.0 Transitional//EN"
    "http://www.w3.org/TR/xhtml1/DTD/xhtml1-transitional.dtd">
<html xmlns="http://www.w3.org/1999/xhtml" xml:lang="en" lang="en">
 <head>
  <title>
</title>
<meta http-equiv="Content-Type" content="text/html;charset=utf-8" />
  <meta name='ocr-system' content='tesseract 3.04.00' />
  <meta name='ocr-capabilities' content='ocr_page ocr_carea ocr_par ocr_line ocrx_word'/>
</head>
<body>
  <div class='ocr_page' id='page_1' title='image "./corpusscriptorum40niebuoft_0352.png"; bbox 0 0 1826 3120; ppageno 0'>
   <div class='ocr_carea' id='block_1_1' title="bbox 174 554 329 596">
    <p class='ocr_par' dir='ltr' id='par_1_1' title="bbox 174 554 329 596">
     <span class='ocr_line' id='line_1_1' title="bbox 174 554 329 596; baseline 0.021 -5"><span class='ocrx_word' id='word_1_1' title='bbox 174 554 280 596; x_wconf 82' lang='lat' dir='ltr'>f.153</span> <span class='ocrx_word' id='word_1_2' title='bbox 292 569 329 594; x_wconf 81' lang='lat' dir='ltr'>v.</span> 
     </span>
    </p>
   </div>
   <div class='ocr_carea' id='block_1_2' title="bbox 220 1171 330 1207">
    <p class='ocr_par' dir='ltr' id='par_1_2' title="bbox 220 1171 330 1207">
     <span class='ocr_line' id='line_1_2' title="bbox 220 1171 330 1207; baseline -0.009 0"><span class='ocrx_word' id='word_1_3' title='bbox 220 1171 330 1207; x_wconf 77' lang='lat' dir='ltr'>los</span> 
     </span>
    </p>
   </div>
   <div class='ocr_carea' id='block_1_3' title="bbox 345 164 1437 250">
    <p class='ocr_par' dir='ltr' id='par_1_3' title="bbox 345 164 1437 250">
     <span class='ocr_line' id='line_1_3' title="bbox 345 164 1437 250; baseline -0.001 -23"><span class='ocrx_word' id='word_1_4' title='bbox 345 175 441 228; x_wconf 76' lang='lat'>340</span> <span class='ocrx_word' id='word_1_5' title='bbox 489 164 492 169; x_wconf 83' lang='lat'>&#39;</span> <span class='ocrx_word' id='word_1_6' title='bbox 791 181 1089 227; x_wconf 65' lang='lat' dir='ltr'>memnoni</span> <span class='ocrx_word' id='word_1_7' title='bbox 1131 181 1437 250; x_wconf 59' lang='lat' dir='ltr'>encoma</span> 
     </span>
    </p>
   </div>
   <div class='ocr_carea' id='block_1_4' title="bbox 340 285 1826 1742">
    <p class='ocr_par' dir='ltr' id='par_1_4' title="bbox 340 285 1826 1146">
     <span class='ocr_line' id='line_1_4' title="bbox 343 285 1800 348; baseline 0 -16"><span class='ocrx_word' id='word_1_8' title='bbox 343 291 654 347; x_wconf 80' lang='grc' dir='ltr'><strong><em>προαιρέσεως”</em></strong></span> <span class='ocrx_word' id='word_1_9' title='bbox 683 293 812 347; x_wconf 75' lang='grc' dir='ltr'><strong><em>φησίν</em></strong></span> <span class='ocrx_word' id='word_1_10' title='bbox 841 291 866 331; x_wconf 83' lang='lat' dir='ltr'>v‘</span> <span class='ocrx_word' id='word_1_11' title='bbox 883 290 1056 345; x_wconf 83' lang='grc' dir='ltr'><strong><em>Νύσσης</em></strong></span> <span class='ocrx_word' id='word_1_12' title='bbox 1077 287 1347 345; x_wconf 72' lang='grc' dir='ltr'><strong><em>Γρηγόριος“</em></strong></span> <span class='ocrx_word' id='word_1_13' title='bbox 1352 285 1454 332; x_wconf 74' lang='grc' dir='ltr'><strong><em>ὅταν</em></strong></span> <span class='ocrx_word' id='word_1_14' title='bbox 1478 290 1604 348; x_wconf 73' lang='grc' dir='ltr'><strong><em>ἐθέλῃ</em></strong></span> <span class='ocrx_word' id='word_1_15' title='bbox 1625 291 1800 345; x_wconf 70' lang='grc' dir='ltr'><strong><em>πρᾶγμα</em></strong></span> 
     </span>
     <span class='ocr_line' id='line_1_5' title="bbox 341 353 1800 436; baseline 0 -37"><span class='ocrx_word' id='word_1_16' title='bbox 341 358 521 412; x_wconf 84' lang='grc' dir='ltr'><strong><em>γίνεται,</em></strong></span> <span class='ocrx_word' id='word_1_17' title='bbox 550 357 622 400; x_wconf 83' lang='grc' dir='ltr'>καί</span> <span class='ocrx_word' id='word_1_18' title='bbox 661 358 877 400; x_wconf 78' lang='grc' dir='ltr'><strong><em>ου’σιοῦται</em></strong></span> <span class='ocrx_word' id='word_1_19' title='bbox 910 357 956 399; x_wconf 85' lang='grc' dir='ltr'>τὸ</span> <span class='ocrx_word' id='word_1_20' title='bbox 986 358 1182 413; x_wconf 83' lang='grc' dir='ltr'><strong><em>βουλημα</em></strong></span> <span class='ocrx_word' id='word_1_21' title='bbox 1223 354 1358 406; x_wconf 78' lang='grc' dir='ltr'><strong><em>εὖθύς</em></strong></span> <span class='ocrx_word' id='word_1_22' title='bbox 1398 353 1529 413; x_wconf 67' lang='grc' dir='ltr'><strong><em>φύσις</em></strong></span> <span class='ocrx_word' id='word_1_23' title='bbox 1567 357 1800 436; x_wconf 78' lang='grc' dir='ltr'><strong><em>γινόμενον,</em></strong></span> 
     </span>
     <span class='ocr_line' id='line_1_6' title="bbox 341 419 1826 499; baseline -0.001 -33"><span class='ocrx_word' id='word_1_24' title='bbox 341 427 414 478; x_wconf 86' lang='grc' dir='ltr'>τῆς</span> <span class='ocrx_word' id='word_1_25' title='bbox 444 423 770 477; x_wconf 77' lang='grc' dir='ltr'><strong><em>παντοδυνάμου</em></strong></span> <span class='ocrx_word' id='word_1_26' title='bbox 804 425 1009 479; x_wconf 79' lang='grc' dir='ltr'><strong><em>ἐξουσίας,</em></strong></span> <span class='ocrx_word' id='word_1_27' title='bbox 1042 420 1146 477; x_wconf 79' lang='grc' dir='ltr'><strong><em>ὅπερ</em></strong></span> <span class='ocrx_word' id='word_1_28' title='bbox 1179 419 1231 466; x_wconf 69' lang='grc' dir='ltr'>οἶν</span> <span class='ocrx_word' id='word_1_29' title='bbox 1258 438 1403 479; x_wconf 86' lang='grc' dir='ltr'><strong><em>σοφως</em></strong></span> <span class='ocrx_word' id='word_1_30' title='bbox 1434 438 1477 465; x_wconf 86' lang='grc' dir='ltr'>τε</span> <span class='ocrx_word' id='word_1_31' title='bbox 1506 422 1577 465; x_wconf 70' lang='grc' dir='ltr'><strong><em>κατ’</em></strong></span> <span class='ocrx_word' id='word_1_32' title='bbox 1600 423 1826 499; x_wconf 59' lang='grc' dir='ltr'><strong><em>τεχνικῶςς</em></strong></span> 
     </span>
     <span class='ocr_line' id='line_1_7' title="bbox 340 484 1800 568; baseline -0.002 -36"><span class='ocrx_word' id='word_1_33' title='bbox 340 488 546 548; x_wconf 73' lang='grc' dir='ltr'><strong><em>ἐθελήσῃ,</em></strong></span> <span class='ocrx_word' id='word_1_34' title='bbox 583 488 642 545; x_wconf 72' lang='grc' dir='ltr'>μή</span> <span class='ocrx_word' id='word_1_35' title='bbox 676 488 966 533; x_wconf 70' lang='grc' dir='ltr'><strong><em>ἀνυπόστατον</em></strong></span> <span class='ocrx_word' id='word_1_36' title='bbox 998 491 1196 568; x_wconf 82' lang='grc' dir='ltr'><strong><em>ποιούσης</em></strong></span> <span class='ocrx_word' id='word_1_37' title='bbox 1224 489 1270 532; x_wconf 84' lang='grc' dir='ltr'>τὸ</span> <span class='ocrx_word' id='word_1_38' title='bbox 1301 484 1507 545; x_wconf 66' lang='grc' dir='ltr'>θεέλημαῖἱ</span> <span class='ocrx_word' id='word_1_39' title='bbox 1571 488 1694 538; x_wconf 89' lang='grc' dir='ltr'><strong><em>τὸπος</em></strong></span> <span class='ocrx_word' id='word_1_40' title='bbox 1722 485 1800 542; x_wconf 78' lang='grc' dir='ltr'>γάρ</span> 
     </span>
     <span class='ocr_line' id='line_1_8' title="bbox 344 551 1826 612; baseline -0.003 -13"><span class='ocrx_word' id='word_1_41' title='bbox 344 559 416 599; x_wconf 85' lang='grc' dir='ltr'>καί</span> <span class='ocrx_word' id='word_1_42' title='bbox 443 558 560 611; x_wconf 83' lang='grc' dir='ltr'><strong><em>λόγος</em></strong></span> <span class='ocrx_word' id='word_1_43' title='bbox 604 557 743 606; x_wconf 74' lang='grc' dir='ltr'><strong><em>οὐδείς</em></strong></span> <span class='ocrx_word' id='word_1_44' title='bbox 781 555 932 612; x_wconf 80' lang='grc' dir='ltr'><strong><em>ὁρᾶται</em></strong></span> <span class='ocrx_word' id='word_1_45' title='bbox 973 556 1077 607; x_wconf 80' lang='grc' dir='ltr'><strong><em>κατὰ</em></strong></span> <span class='ocrx_word' id='word_1_46' title='bbox 1121 556 1195 597; x_wconf 87' lang='grc' dir='ltr'>τὸν</span> <span class='ocrx_word' id='word_1_47' title='bbox 1235 559 1351 598; x_wconf 83' lang='grc' dir='ltr'><strong><em>θεῖον</em></strong></span> <span class='ocrx_word' id='word_1_48' title='bbox 1393 554 1607 611; x_wconf 77' lang='grc' dir='ltr'><strong><em>Κύριλλον</em></strong></span> <span class='ocrx_word' id='word_1_49' title='bbox 1644 551 1826 609; x_wconf 67' lang='grc' dir='ltr'><strong><em>μεταξιῚ</em></strong></span> 
     </span>
     <span class='ocr_line' id='line_1_9' title="bbox 344 617 1826 678; baseline -0.003 -14"><span class='ocrx_word' id='word_1_50' title='bbox 344 626 520 678; x_wconf 81' lang='grc' dir='ltr'><strong><em>ποιητοῦ</em></strong></span> <span class='ocrx_word' id='word_1_51' title='bbox 548 625 619 664; x_wconf 86' lang='grc' dir='ltr'>καί</span> <span class='ocrx_word' id='word_1_52' title='bbox 649 626 888 676; x_wconf 72' lang='grc' dir='ltr'><strong><em>κτίσματος</em></strong></span> <span class='ocrx_word' id='word_1_53' title='bbox 947 625 1132 677; x_wconf 82' lang='grc' dir='ltr'><strong><em>ἐιέργεια</em></strong></span> <span class='ocrx_word' id='word_1_54' title='bbox 1163 625 1200 664; x_wconf 85' lang='grc' dir='ltr'>δ’</span> <span class='ocrx_word' id='word_1_55' title='bbox 1227 622 1297 664; x_wconf 76' lang='grc' dir='ltr'>ἐπὶ</span> <span class='ocrx_word' id='word_1_56' title='bbox 1327 624 1430 664; x_wconf 82' lang='grc' dir='ltr'><strong><em>θεοῦ</em></strong></span> <span class='ocrx_word' id='word_1_57' title='bbox 1457 623 1664 664; x_wconf 81' lang='grc' dir='ltr'><em>δέδεικται</em></span> <span class='ocrx_word' id='word_1_58' title='bbox 1693 617 1826 663; x_wconf 80' lang='grc' dir='ltr'><strong><em>εἶναι</em></strong></span> 
     </span>
     <span class='ocr_line' id='line_1_10' title="bbox 344 684 1804 744; baseline -0.003 -13"><span class='ocrx_word' id='word_1_59' title='bbox 344 689 369 743; x_wconf 74' lang='grc' dir='ltr'><em>ἦ</em></span> <span class='ocrx_word' id='word_1_60' title='bbox 400 692 484 731; x_wconf 74' lang='grc' dir='ltr'>τῶν</span> <span class='ocrx_word' id='word_1_61' title='bbox 515 688 706 744; x_wconf 78' lang='grc' dir='ltr'><em>μεγάλων</em></span> <span class='ocrx_word' id='word_1_62' title='bbox 737 691 809 731; x_wconf 84' lang='grc' dir='ltr'><em>καί</em></span> <span class='ocrx_word' id='word_1_63' title='bbox 838 691 1093 741; x_wconf 77' lang='grc' dir='ltr'><em>θαυμασίων</em></span> <span class='ocrx_word' id='word_1_64' title='bbox 1122 687 1254 742; x_wconf 73' lang='grc' dir='ltr'><strong><em>ἔργων</em></strong></span> <span class='ocrx_word' id='word_1_65' title='bbox 1276 689 1411 731; x_wconf 75' lang='grc' dir='ltr'><strong><em>αὐτου</em></strong></span> <span class='ocrx_word' id='word_1_66' title='bbox 1438 686 1544 741; x_wconf 75' lang='grc' dir='ltr'><strong><em>πρὸς</em></strong></span> <span class='ocrx_word' id='word_1_67' title='bbox 1575 684 1684 741; x_wconf 70' lang='grc' dir='ltr'><strong><em>ἡμᾶς</em></strong></span> <span class='ocrx_word' id='word_1_68' title='bbox 1716 702 1804 742; x_wconf 75' lang='grc' dir='ltr'><strong><em>φα-</em></strong></span> 
     </span>
     <span class='ocr_line' id='line_1_11' title="bbox 344 750 1806 810; baseline -0.003 -13"><span class='ocrx_word' id='word_1_69' title='bbox 344 758 534 810; x_wconf 82' lang='grc' dir='ltr'><strong><em>νέρωσις.</em></strong></span> <span class='ocrx_word' id='word_1_70' title='bbox 592 757 724 797; x_wconf 83' lang='grc' dir='ltr'><strong><em>ταῦτα</em></strong></span> <span class='ocrx_word' id='word_1_71' title='bbox 758 757 794 796; x_wconf 85' lang='grc' dir='ltr'>δ’</span> <span class='ocrx_word' id='word_1_72' title='bbox 836 754 926 797; x_wconf 76' lang='grc' dir='ltr'><strong><em>ἐστι’</em></strong></span> <span class='ocrx_word' id='word_1_73' title='bbox 968 752 1184 808; x_wconf 79' lang='grc' dir='ltr'><strong><em>ποιήματα</em></strong></span> <span class='ocrx_word' id='word_1_74' title='bbox 1212 754 1385 804; x_wconf 80' lang='grc' dir='ltr'><strong><em>κτιστά,</em></strong></span> <span class='ocrx_word' id='word_1_75' title='bbox 1415 753 1488 795; x_wconf 85' lang='grc' dir='ltr'>καί</span> <span class='ocrx_word' id='word_1_76' title='bbox 1515 753 1684 809; x_wconf 60' lang='grc' dir='ltr'><strong><em>οιῗδαμῇ</em></strong></span> <span class='ocrx_word' id='word_1_77' title='bbox 1706 750 1806 798; x_wconf 14' lang='grc' dir='ltr'>Ῐθεοί</span> 
     </span>
     <span class='ocr_line' id='line_1_12' title="bbox 345 816 1803 877; baseline -0.001 -15"><span class='ocrx_word' id='word_1_78' title='bbox 345 824 418 863; x_wconf 80' lang='grc' dir='ltr'><em>καί</em></span> <span class='ocrx_word' id='word_1_79' title='bbox 439 820 634 877; x_wconf 83' lang='grc' dir='ltr'><strong><em>θεότητες</em></strong></span> <span class='ocrx_word' id='word_1_80' title='bbox 662 818 863 865; x_wconf 50' lang='lat' dir='ltr'>&amp;aaaron</span> <span class='ocrx_word' id='word_1_81' title='bbox 937 816 995 863; x_wconf 72' lang='grc' dir='ltr'>ὧν</span> <span class='ocrx_word' id='word_1_82' title='bbox 1027 822 1206 875; x_wconf 82' lang='grc' dir='ltr'><strong><em>οι’δεμιά</em></strong></span> <span class='ocrx_word' id='word_1_83' title='bbox 1237 822 1299 871; x_wconf 78' lang='grc' dir='ltr'>τις</span> <span class='ocrx_word' id='word_1_84' title='bbox 1330 820 1592 877; x_wconf 73' lang='grc' dir='ltr'><strong><em>προηγήσατο</em></strong></span> <span class='ocrx_word' id='word_1_85' title='bbox 1631 820 1803 874; x_wconf 72' lang='grc' dir='ltr'><strong><em>κίνησις,</em></strong></span> 
     </span>
     <span class='ocr_line' id='line_1_13' title="bbox 342 885 1826 944; baseline -0.003 -14"><span class='ocrx_word' id='word_1_86' title='bbox 342 885 394 943; x_wconf 76' lang='grc' dir='ltr'>ἢν</span> <span class='ocrx_word' id='word_1_87' title='bbox 423 887 636 943; x_wconf 79' lang='grc' dir='ltr'><strong><em>ἐνέργειαν</em></strong></span> <span class='ocrx_word' id='word_1_88' title='bbox 661 888 760 944; x_wconf 77' lang='grc' dir='ltr'><strong><em>σύγε</em></strong></span> <span class='ocrx_word' id='word_1_89' title='bbox 791 886 898 931; x_wconf 80' lang='grc' dir='ltr'><strong><em>εἶναι</em></strong></span> <span class='ocrx_word' id='word_1_90' title='bbox 927 887 1210 938; x_wconf 81' lang='grc' dir='ltr'><strong><em>α’ναπλάττεις</em></strong></span> <span class='ocrx_word' id='word_1_91' title='bbox 1258 889 1332 930; x_wconf 77' lang='grc' dir='ltr'>νῦν</span> <span class='ocrx_word' id='word_1_92' title='bbox 1363 887 1435 929; x_wconf 84' lang='grc' dir='ltr'>καί</span> <span class='ocrx_word' id='word_1_93' title='bbox 1463 886 1644 942; x_wconf 80' lang='grc' dir='ltr'><strong><em>θεότητα</em></strong></span> <span class='ocrx_word' id='word_1_94' title='bbox 1673 900 1826 939; x_wconf 70' lang='grc' dir='ltr'><strong><em>προσ-1</em></strong></span> 
     </span>
     <span class='ocr_line' id='line_1_14' title="bbox 344 949 1806 1010; baseline -0.003 -14"><span class='ocrx_word' id='word_1_95' title='bbox 344 953 558 1010; x_wconf 74' lang='grc' dir='ltr'><strong><em>αγορεὺεις</em></strong></span> <span class='ocrx_word' id='word_1_96' title='bbox 607 952 796 998; x_wconf 73' lang='grc' dir='ltr'><strong><em>ἄκτιστον</em></strong></span> <span class='ocrx_word' id='word_1_97' title='bbox 842 957 913 998; x_wconf 82' lang='grc' dir='ltr'><strong><em>καί</em></strong></span> <span class='ocrx_word' id='word_1_98' title='bbox 950 957 1022 1010; x_wconf 71' lang='grc' dir='ltr'>τῆς</span> <span class='ocrx_word' id='word_1_99' title='bbox 1065 957 1186 1003; x_wconf 86' lang='grc' dir='ltr'><strong><em>θειάς</em></strong></span> <span class='ocrx_word' id='word_1_100' title='bbox 1234 954 1380 1003; x_wconf 70' lang='grc' dir='ltr'><strong><em>οὐσίας</em></strong></span> <span class='ocrx_word' id='word_1_101' title='bbox 1421 949 1641 1009; x_wconf 80' lang='grc' dir='ltr'><strong><em>διάφορον.</em></strong></span> <span class='ocrx_word' id='word_1_102' title='bbox 1699 949 1806 992; x_wconf 74' lang='grc' dir='ltr'>οἶνοί-’-</span> 
     </span>
     <span class='ocr_line' id='line_1_15' title="bbox 344 1012 1826 1077; baseline -0.003 -15"><span class='ocrx_word' id='word_1_103' title='bbox 344 1026 516 1074; x_wconf 88' lang='grc' dir='ltr'><strong><em>πλασμα</em></strong></span> <span class='ocrx_word' id='word_1_104' title='bbox 546 1018 632 1077; x_wconf 73' lang='grc' dir='ltr'><strong><em>ἄρα</em></strong></span> <span class='ocrx_word' id='word_1_105' title='bbox 672 1025 748 1076; x_wconf 69' lang='grc' dir='ltr'>σῆς</span> <span class='ocrx_word' id='word_1_106' title='bbox 781 1024 968 1071; x_wconf 73' lang='grc' dir='ltr'><strong><em>διανοίας</em></strong></span> <span class='ocrx_word' id='word_1_107' title='bbox 1001 1020 1023 1076; x_wconf 80' lang='grc' dir='ltr'><em>ἢ</em></span> <span class='ocrx_word' id='word_1_108' title='bbox 1058 1021 1111 1076; x_wconf 75' lang='grc' dir='ltr'>σὴ</span> <span class='ocrx_word' id='word_1_109' title='bbox 1142 1022 1290 1076; x_wconf 84' lang='grc' dir='ltr'><strong><em>θεότης</em></strong></span> <span class='ocrx_word' id='word_1_110' title='bbox 1325 1022 1462 1074; x_wconf 73' lang='grc' dir='ltr'><strong><em>ἐστίν,</em></strong></span> <span class='ocrx_word' id='word_1_111' title='bbox 1506 1014 1592 1062; x_wconf 77' lang='grc' dir='ltr'><strong><em>οἷον</em></strong></span> <span class='ocrx_word' id='word_1_112' title='bbox 1632 1020 1720 1060; x_wconf 83' lang='grc' dir='ltr'><strong><em>ουδ’</em></strong></span> <span class='ocrx_word' id='word_1_113' title='bbox 1749 1012 1826 1059; x_wconf 63' lang='grc' dir='ltr'>ἄν’</span> 
     </span>
     <span class='ocr_line' id='line_1_16' title="bbox 345 1086 1386 1146; baseline 0.001 -17"><span class='ocrx_word' id='word_1_114' title='bbox 345 1086 382 1129; x_wconf 83' lang='grc' dir='ltr'>οἱ</span> <span class='ocrx_word' id='word_1_115' title='bbox 412 1087 511 1138; x_wconf 75' lang='grc' dir='ltr'>τούς</span> <span class='ocrx_word' id='word_1_116' title='bbox 539 1088 827 1146; x_wconf 73' lang='grc' dir='ltr'><strong><em>τραγελάφους</em></strong></span> <span class='ocrx_word' id='word_1_117' title='bbox 857 1087 1103 1137; x_wconf 78' lang='grc' dir='ltr'><strong><em>πλάττοντες</em></strong></span> <span class='ocrx_word' id='word_1_118' title='bbox 1132 1088 1386 1143; x_wconf 77' lang='grc' dir='ltr'><strong><em>ἐννοήσαιεν.</em></strong></span> 
     </span>
    </p>

    <p class='ocr_par' dir='ltr' id='par_1_5' title="bbox 344 1151 1826 1742">
     <span class='ocr_line' id='line_1_17' title="bbox 480 1151 1805 1212; baseline -0.003 -13"><span class='ocrx_word' id='word_1_119' title='bbox 480 1159 649 1212; x_wconf 77' lang='grc' dir='ltr'><strong><em>Πολλῆς</em></strong></span> <span class='ocrx_word' id='word_1_120' title='bbox 675 1172 719 1212; x_wconf 85' lang='grc' dir='ltr'><strong><em>γε</em></strong></span> <span class='ocrx_word' id='word_1_121' title='bbox 758 1156 843 1211; x_wconf 71' lang='grc' dir='ltr'>μην</span> <span class='ocrx_word' id='word_1_122' title='bbox 874 1155 1105 1204; x_wconf 80' lang='grc' dir='ltr'><strong><em>ἐνστάσεως</em></strong></span> <span class='ocrx_word' id='word_1_123' title='bbox 1144 1157 1226 1197; x_wconf 76' lang='grc' dir='ltr'>τῶν</span> <span class='ocrx_word' id='word_1_124' title='bbox 1265 1151 1530 1209; x_wconf 74' lang='grc' dir='ltr'><strong><em>ἑκατέρωθεν</em></strong></span> <span class='ocrx_word' id='word_1_125' title='bbox 1569 1155 1805 1208; x_wconf 80' lang='grc' dir='ltr'><strong><em>γενομένης,</em></strong></span> 
     </span>
     <span class='ocr_line' id='line_1_18' title="bbox 346 1218 1826 1277; baseline -0.003 -12"><span class='ocrx_word' id='word_1_126' title='bbox 346 1222 419 1265; x_wconf 84' lang='grc' dir='ltr'>καί</span> <span class='ocrx_word' id='word_1_127' title='bbox 448 1222 581 1277; x_wconf 85' lang='grc' dir='ltr'><strong><em>λόγων</em></strong></span> <span class='ocrx_word' id='word_1_128' title='bbox 611 1225 777 1276; x_wconf 77' lang='grc' dir='ltr'><strong><em>συχνῶν</em></strong></span> <span class='ocrx_word' id='word_1_129' title='bbox 796 1224 1063 1264; x_wconf 76' lang='grc' dir='ltr'><strong><em>κενωθέντων</em></strong></span> <span class='ocrx_word' id='word_1_130' title='bbox 1087 1222 1201 1271; x_wconf 79' lang='grc' dir='ltr'><strong><em>οἴους</em></strong></span> <span class='ocrx_word' id='word_1_131' title='bbox 1229 1218 1248 1262; x_wconf 86' lang='grc' dir='ltr'>ὁ</span> <span class='ocrx_word' id='word_1_132' title='bbox 1274 1223 1343 1275; x_wconf 75' lang='grc' dir='ltr'>τῆς</span> <span class='ocrx_word' id='word_1_133' title='bbox 1363 1219 1501 1276; x_wconf 78' lang='grc' dir='ltr'><strong><em>ἔριδος</em></strong></span> <span class='ocrx_word' id='word_1_134' title='bbox 1521 1222 1643 1274; x_wconf 75' lang='grc' dir='ltr'><strong><em>μίτος</em></strong></span> <span class='ocrx_word' id='word_1_135' title='bbox 1671 1220 1826 1276; x_wconf 74' lang='grc' dir='ltr'><strong><em>ὑφαί-1</em></strong></span> 
     </span>
     <span class='ocr_line' id='line_1_19' title="bbox 347 1285 1804 1343; baseline -0.003 -11"><span class='ocrx_word' id='word_1_136' title='bbox 347 1306 424 1343; x_wconf 82' lang='grc' dir='ltr'><strong><em>νει,</em></strong></span> <span class='ocrx_word' id='word_1_137' title='bbox 454 1288 526 1330; x_wconf 71' lang='grc' dir='ltr'><strong><em>κατ’</em></strong></span> <span class='ocrx_word' id='word_1_138' title='bbox 553 1285 642 1342; x_wconf 78' lang='grc' dir='ltr'><strong><em>ἅμα</em></strong></span> <span class='ocrx_word' id='word_1_139' title='bbox 664 1288 851 1342; x_wconf 69' lang='grc' dir='ltr'><strong><em>θορύβου</em></strong></span> <span class='ocrx_word' id='word_1_140' title='bbox 881 1290 1052 1341; x_wconf 82' lang='grc' dir='ltr'><strong><em>μακροῦ</em></strong></span> <span class='ocrx_word' id='word_1_141' title='bbox 1080 1289 1159 1329; x_wconf 76' lang='grc' dir='ltr'>τῶν</span> <span class='ocrx_word' id='word_1_142' title='bbox 1188 1288 1366 1340; x_wconf 79' lang='grc' dir='ltr'><strong><em>α’μαθαῖς</em></strong></span> <span class='ocrx_word' id='word_1_143' title='bbox 1398 1288 1567 1329; x_wconf 79' lang='grc' dir='ltr'><strong><em>ἐκείνων</em></strong></span> <span class='ocrx_word' id='word_1_144' title='bbox 1586 1303 1804 1342; x_wconf 83' lang='grc' dir='ltr'><strong><em>παρασπι-</em></strong></span> 
     </span>
     <span class='ocr_line' id='line_1_20' title="bbox 349 1352 1804 1412; baseline -0.002 -14"><span class='ocrx_word' id='word_1_145' title='bbox 349 1356 497 1407; x_wconf 88' lang='grc' dir='ltr'><strong><em>ζόντων</em></strong></span> <span class='ocrx_word' id='word_1_146' title='bbox 527 1358 584 1396; x_wconf 78' lang='grc' dir='ltr'>τῶ</span> <span class='ocrx_word' id='word_1_147' title='bbox 627 1358 822 1412; x_wconf 78' lang='grc' dir='ltr'><strong><em>Παλαμᾷ</em></strong></span> <span class='ocrx_word' id='word_1_148' title='bbox 868 1356 1258 1408; x_wconf 74' lang='grc' dir='ltr'><strong><em>περιβομβησαντος</em></strong></span> <span class='ocrx_word' id='word_1_149' title='bbox 1302 1352 1376 1403; x_wconf 87' lang='grc' dir='ltr'><strong><em>τοὶς</em></strong></span> <span class='ocrx_word' id='word_1_150' title='bbox 1421 1354 1538 1408; x_wconf 77' lang='grc' dir='ltr'>ἧμοῦν</span> <span class='ocrx_word' id='word_1_151' title='bbox 1578 1352 1717 1407; x_wconf 81' lang='grc' dir='ltr'><strong><em>α’κοοίς,</em></strong></span> <span class='ocrx_word' id='word_1_152' title='bbox 1749 1354 1804 1402; x_wconf 76' lang='grc' dir='ltr'>οὖς</span> 
     </span>
     <span class='ocr_line' id='line_1_21' title="bbox 344 1416 1804 1476; baseline -0.001 -14"><span class='ocrx_word' id='word_1_153' title='bbox 344 1416 445 1476; x_wconf 83' lang='grc' dir='ltr'><strong><em>μηδ’</em></strong></span> <span class='ocrx_word' id='word_1_154' title='bbox 478 1420 752 1471; x_wconf 72' lang='grc' dir='ltr'><strong><em>ἐξακούεσθαι</em></strong></span> <span class='ocrx_word' id='word_1_155' title='bbox 782 1421 997 1463; x_wconf 79' lang='grc' dir='ltr'><strong><em>δύνασθαί</em></strong></span> <span class='ocrx_word' id='word_1_156' title='bbox 1008 1437 1044 1461; x_wconf 94' lang='grc' dir='ltr'>τι</span> <span class='ocrx_word' id='word_1_157' title='bbox 1075 1422 1158 1461; x_wconf 78' lang='grc' dir='ltr'>τῶν</span> <span class='ocrx_word' id='word_1_158' title='bbox 1186 1422 1432 1474; x_wconf 78' lang='grc' dir='ltr'><strong><em>λεγομένων,</em></strong></span> <span class='ocrx_word' id='word_1_159' title='bbox 1449 1421 1707 1474; x_wconf 81' lang='grc' dir='ltr'><strong><em>α’νεχαίτισε</em></strong></span> <span class='ocrx_word' id='word_1_160' title='bbox 1736 1418 1804 1462; x_wconf 84' lang='grc' dir='ltr'>τὸν</span> 
     </span>
     <span class='ocr_line' id='line_1_22' title="bbox 347 1484 1807 1542; baseline -0.001 -13"><span class='ocrx_word' id='word_1_161' title='bbox 347 1489 501 1541; x_wconf 81' lang='grc' dir='ltr'><strong><em>δρόμον</em></strong></span> <span class='ocrx_word' id='word_1_162' title='bbox 542 1487 561 1529; x_wconf 89' lang='grc' dir='ltr'>ὁ</span> <span class='ocrx_word' id='word_1_163' title='bbox 591 1485 810 1542; x_wconf 80' lang='grc' dir='ltr'><strong><em>Γρηγορᾶς</em></strong></span> <span class='ocrx_word' id='word_1_164' title='bbox 850 1488 1017 1528; x_wconf 82' lang='grc' dir='ltr'><strong><em>ἑκειίων</em></strong></span> <span class='ocrx_word' id='word_1_165' title='bbox 1058 1503 1142 1528; x_wconf 87' lang='grc' dir='ltr'>των</span> <span class='ocrx_word' id='word_1_166' title='bbox 1174 1484 1377 1540; x_wconf 79' lang='grc' dir='ltr'><strong><em>ἐλέγχων,</em></strong></span> <span class='ocrx_word' id='word_1_167' title='bbox 1412 1486 1479 1528; x_wconf 79' lang='grc' dir='ltr'><strong><em>ἵνα</em></strong></span> <span class='ocrx_word' id='word_1_168' title='bbox 1509 1504 1566 1541; x_wconf 80' lang='grc' dir='ltr'>μη</span> <span class='ocrx_word' id='word_1_169' title='bbox 1603 1503 1668 1528; x_wconf 84' lang='grc' dir='ltr'><strong><em>και</em></strong></span> <span class='ocrx_word' id='word_1_170' title='bbox 1699 1484 1807 1540; x_wconf 83' lang='grc' dir='ltr'><strong><em>πρό-</em></strong></span> 
     </span>
     <span class='ocr_line' id='line_1_23' title="bbox 349 1554 1826 1609; baseline 0.001 -15"><span class='ocrx_word' id='word_1_171' title='bbox 349 1556 478 1609; x_wconf 85' lang='grc' dir='ltr'><strong><em>φασίς</em></strong></span> <span class='ocrx_word' id='word_1_172' title='bbox 508 1570 570 1602; x_wconf 90' lang='grc' dir='ltr'>τις</span> <span class='ocrx_word' id='word_1_173' title='bbox 612 1554 843 1608; x_wconf 78' lang='grc' dir='ltr'><strong><em>ὑπονοηται</em></strong></span> <span class='ocrx_word' id='word_1_174' title='bbox 893 1570 981 1595; x_wconf 86' lang='grc' dir='ltr'>των</span> <span class='ocrx_word' id='word_1_175' title='bbox 1011 1555 1086 1595; x_wconf 81' lang='grc' dir='ltr'>τοῦ</span> <span class='ocrx_word' id='word_1_176' title='bbox 1135 1555 1331 1607; x_wconf 80' lang='grc' dir='ltr'><strong><em>Παλαμᾶ</em></strong></span> <span class='ocrx_word' id='word_1_177' title='bbox 1370 1557 1660 1596; x_wconf 73' lang='grc' dir='ltr'><strong><em>καθίστασθαι</em></strong></span> <span class='ocrx_word' id='word_1_178' title='bbox 1698 1557 1826 1607; x_wconf 84' lang='grc' dir='ltr'><strong><em>βλα-</em></strong></span> 
     </span>
     <span class='ocr_line' id='line_1_24' title="bbox 349 1618 1806 1676; baseline -0.002 -14"><span class='ocrx_word' id='word_1_179' title='bbox 349 1622 563 1674; x_wconf 77' lang='grc' dir='ltr'><strong><em>σφημιῶν.</em></strong></span> <span class='ocrx_word' id='word_1_180' title='bbox 631 1623 913 1671; x_wconf 79' lang='grc' dir='ltr'><strong><em>παυσαμένων</em></strong></span> <span class='ocrx_word' id='word_1_181' title='bbox 940 1618 1018 1673; x_wconf 74' lang='grc' dir='ltr'>γάρ</span> <span class='ocrx_word' id='word_1_182' title='bbox 1053 1622 1133 1660; x_wconf 74' lang='grc' dir='ltr'>τῶν</span> <span class='ocrx_word' id='word_1_183' title='bbox 1175 1620 1356 1673; x_wconf 81' lang='grc' dir='ltr'><strong><em>ἐλέγχων</em></strong></span> <span class='ocrx_word' id='word_1_184' title='bbox 1387 1619 1530 1676; x_wconf 78' lang='grc' dir='ltr'><strong><em>φησίν,</em></strong></span> <span class='ocrx_word' id='word_1_185' title='bbox 1560 1621 1632 1662; x_wconf 80' lang='grc' dir='ltr'><em>καί</em></span> <span class='ocrx_word' id='word_1_186' title='bbox 1660 1621 1806 1674; x_wconf 77' lang='grc' dir='ltr'><strong><em>μηκέτ-ι</em></strong></span> 
     </span>
     <span class='ocr_line' id='line_1_25' title="bbox 348 1679 1808 1742; baseline -0.001 -13"><span class='ocrx_word' id='word_1_187' title='bbox 348 1685 392 1729; x_wconf 83' lang='grc' dir='ltr'>τὸ</span> <span class='ocrx_word' id='word_1_188' title='bbox 425 1686 591 1738; x_wconf 80' lang='grc' dir='ltr'><strong><em>α’μαθὲς</em></strong></span> <span class='ocrx_word' id='word_1_189' title='bbox 626 1684 902 1742; x_wconf 85' lang='grc' dir='ltr'><strong><em>ἐρεθιζόντων</em></strong></span> <span class='ocrx_word' id='word_1_190' title='bbox 942 1679 1114 1742; x_wconf 75' lang='grc' dir='ltr'><strong><em>ἐκείνου,</em></strong></span> <span class='ocrx_word' id='word_1_191' title='bbox 1144 1687 1387 1728; x_wconf 83' lang='grc' dir='ltr'><strong><em>παύσεσθαι</em></strong></span> <span class='ocrx_word' id='word_1_192' title='bbox 1429 1688 1502 1729; x_wconf 80' lang='grc' dir='ltr'><strong><em>κατ’</em></strong></span> <span class='ocrx_word' id='word_1_193' title='bbox 1534 1685 1580 1728; x_wconf 78' lang='grc' dir='ltr'>τό</span> <span class='ocrx_word' id='word_1_194' title='bbox 1611 1688 1808 1740; x_wconf 82' lang='grc' dir='ltr'><strong><em>πολέμιον</em></strong></span> 
     </span>
    </p>
   </div>
   <div class='ocr_carea' id='block_1_5' title="bbox 352 1898 1808 2509">
    <p class='ocr_par' dir='ltr' id='par_1_6' title="bbox 352 1898 1808 2509">
     <span class='ocr_line' id='line_1_26' title="bbox 352 1898 1806 1945; baseline 0.001 -13"><span class='ocrx_word' id='word_1_195' title='bbox 352 1898 429 1932; x_wconf 86' lang='lat' dir='ltr'>fieri</span> <span class='ocrx_word' id='word_1_196' title='bbox 456 1903 586 1942; x_wconf 83' lang='lat' dir='ltr'>potest.</span> <span class='ocrx_word' id='word_1_197' title='bbox 644 1898 794 1942; x_wconf 91' lang='lat' dir='ltr'>impetus</span> <span class='ocrx_word' id='word_1_198' title='bbox 831 1899 922 1933; x_wconf 88' lang='lat' dir='ltr'>enim</span> <span class='ocrx_word' id='word_1_199' title='bbox 963 1899 1105 1933; x_wconf 89' lang='lat' dir='ltr'>consilii</span> <span class='ocrx_word' id='word_1_200' title='bbox 1133 1899 1271 1942; x_wconf 85' lang='lat' dir='ltr'>divini,</span> <span class='ocrx_word' id='word_1_201' title='bbox 1310 1899 1359 1933; x_wconf 83' lang='lat' dir='ltr'>ait</span> <span class='ocrx_word' id='word_1_202' title='bbox 1391 1899 1583 1945; x_wconf 78' lang='lat' dir='ltr'>Gregorius</span> <span class='ocrx_word' id='word_1_203' title='bbox 1615 1899 1806 1942; x_wconf 78' lang='lat' dir='ltr'>Nyssaeus,</span> 
     </span>
     <span class='ocr_line' id='line_1_27' title="bbox 353 1945 1806 1987; baseline -0.001 -8"><span class='ocrx_word' id='word_1_204' title='bbox 353 1957 431 1979; x_wconf 86' lang='lat' dir='ltr'>cum</span> <span class='ocrx_word' id='word_1_205' title='bbox 456 1945 534 1979; x_wconf 89' lang='lat' dir='ltr'>vult</span> <span class='ocrx_word' id='word_1_206' title='bbox 558 1955 615 1979; x_wconf 85' lang='lat' dir='ltr'>res</span> <span class='ocrx_word' id='word_1_207' title='bbox 642 1945 703 1987; x_wconf 89' lang='lat' dir='ltr'>fit,</span> <span class='ocrx_word' id='word_1_208' title='bbox 741 1951 776 1980; x_wconf 86' lang='lat' dir='ltr'>et</span> <span class='ocrx_word' id='word_1_209' title='bbox 801 1946 965 1981; x_wconf 84' lang='lat' dir='ltr'>voluntas</span> <span class='ocrx_word' id='word_1_210' title='bbox 1001 1947 1155 1980; x_wconf 80' lang='lat' dir='ltr'><strong>essentia</strong></span> <span class='ocrx_word' id='word_1_211' title='bbox 1186 1946 1339 1980; x_wconf 73' lang='lat' dir='ltr'>afficitur</span> <span class='ocrx_word' id='word_1_212' title='bbox 1375 1947 1425 1980; x_wconf 89' lang='lat' dir='ltr'>ita</span> <span class='ocrx_word' id='word_1_213' title='bbox 1450 1951 1489 1980; x_wconf 86' lang='lat' dir='ltr'>ut</span> <span class='ocrx_word' id='word_1_214' title='bbox 1513 1947 1628 1980; x_wconf 84' lang='lat' dir='ltr'>statim</span> <span class='ocrx_word' id='word_1_215' title='bbox 1654 1946 1714 1980; x_wconf 88' lang='lat' dir='ltr'>fiat</span> <span class='ocrx_word' id='word_1_216' title='bbox 1739 1956 1806 1980; x_wconf 82' lang='lat' dir='ltr'>na-</span> 
     </span>
     <span class='ocr_line' id='line_1_28' title="bbox 353 1993 1806 2038; baseline -0.001 -12"><span class='ocrx_word' id='word_1_217' title='bbox 353 1999 445 2035; x_wconf 85' lang='lat' dir='ltr'>tura,</span> <span class='ocrx_word' id='word_1_218' title='bbox 474 1993 637 2026; x_wconf 88' lang='lat' dir='ltr'>voluntas</span> <span class='ocrx_word' id='word_1_219' title='bbox 662 1994 824 2027; x_wconf 82' lang='lat' dir='ltr'>nimirum</span> <span class='ocrx_word' id='word_1_220' title='bbox 851 1995 1036 2037; x_wconf 88' lang='lat' dir='ltr'>potestatis</span> <span class='ocrx_word' id='word_1_221' title='bbox 1063 1994 1333 2037; x_wconf 87' lang='lat' dir='ltr'>omnipotentis,</span> <span class='ocrx_word' id='word_1_222' title='bbox 1361 2004 1452 2038; x_wconf 87' lang='lat' dir='ltr'>quae</span> <span class='ocrx_word' id='word_1_223' title='bbox 1486 1994 1720 2038; x_wconf 89' lang='lat' dir='ltr'>quodcunque</span> <span class='ocrx_word' id='word_1_224' title='bbox 1745 2003 1806 2027; x_wconf 84' lang='lat' dir='ltr'>sa-</span> 
     </span>
     <span class='ocr_line' id='line_1_29' title="bbox 353 2040 1805 2084; baseline 0.001 -12"><span class='ocrx_word' id='word_1_225' title='bbox 353 2043 493 2084; x_wconf 86' lang='lat' dir='ltr'>pienter</span> <span class='ocrx_word' id='word_1_226' title='bbox 532 2046 566 2074; x_wconf 89' lang='lat' dir='ltr'>et</span> <span class='ocrx_word' id='word_1_227' title='bbox 591 2040 783 2074; x_wconf 77' lang='lat' dir='ltr'>artificiose</span> <span class='ocrx_word' id='word_1_228' title='bbox 821 2040 898 2075; x_wconf 85' lang='lat' dir='ltr'>vult</span> <span class='ocrx_word' id='word_1_229' title='bbox 925 2041 1056 2083; x_wconf 82' lang='lat' dir='ltr'>efficit,</span> <span class='ocrx_word' id='word_1_230' title='bbox 1094 2046 1130 2073; x_wconf 89' lang='lat' dir='ltr'>ut</span> <span class='ocrx_word' id='word_1_231' title='bbox 1157 2041 1321 2074; x_wconf 84' lang='lat' dir='ltr'>voluntas</span> <span class='ocrx_word' id='word_1_232' title='bbox 1346 2050 1419 2074; x_wconf 89' lang='lat' dir='ltr'>non</span> <span class='ocrx_word' id='word_1_233' title='bbox 1444 2046 1562 2074; x_wconf 84' lang='lat' dir='ltr'>careat</span> <span class='ocrx_word' id='word_1_234' title='bbox 1600 2040 1805 2075; x_wconf 76' lang='lat' dir='ltr'>substantia.</span> 
     </span>
     <span class='ocr_line' id='line_1_30' title="bbox 352 2087 1807 2132; baseline -0.001 -12"><span class='ocrx_word' id='word_1_235' title='bbox 352 2087 454 2121; x_wconf 88' lang='lat' dir='ltr'>locus</span> <span class='ocrx_word' id='word_1_236' title='bbox 482 2088 573 2121; x_wconf 92' lang='lat' dir='ltr'>enim</span> <span class='ocrx_word' id='word_1_237' title='bbox 602 2093 637 2120; x_wconf 86' lang='lat' dir='ltr'>et</span> <span class='ocrx_word' id='word_1_238' title='bbox 670 2088 761 2121; x_wconf 84' lang='lat' dir='ltr'>ratio</span> <span class='ocrx_word' id='word_1_239' title='bbox 784 2088 884 2122; x_wconf 91' lang='lat' dir='ltr'>nullo</span> <span class='ocrx_word' id='word_1_240' title='bbox 909 2089 1011 2122; x_wconf 92' lang='lat' dir='ltr'>modo</span> <span class='ocrx_word' id='word_1_241' title='bbox 1051 2088 1269 2132; x_wconf 81' lang='lat' dir='ltr'>conspicitur</span> <span class='ocrx_word' id='word_1_242' title='bbox 1293 2088 1483 2121; x_wconf 86' lang='lat' dir='ltr'>secundum</span> <span class='ocrx_word' id='word_1_243' title='bbox 1512 2087 1683 2131; x_wconf 77' lang='lat' dir='ltr'>Cyrillum</span> <span class='ocrx_word' id='word_1_244' title='bbox 1710 2088 1807 2122; x_wconf 88' lang='lat' dir='ltr'>divi..</span> 
     </span>
     <span class='ocr_line' id='line_1_31' title="bbox 353 2134 1806 2170; baseline 0 -3"><span class='ocrx_word' id='word_1_245' title='bbox 353 2145 435 2168; x_wconf 89' lang='lat' dir='ltr'>num</span> <span class='ocrx_word' id='word_1_246' title='bbox 462 2135 686 2168; x_wconf 83' lang='lat' dir='ltr'><strong>intercedens</strong></span> <span class='ocrx_word' id='word_1_247' title='bbox 729 2135 821 2169; x_wconf 87' lang='lat' dir='ltr'>inter</span> <span class='ocrx_word' id='word_1_248' title='bbox 859 2141 1053 2169; x_wconf 76' lang='lat' dir='ltr'>creatorem</span> <span class='ocrx_word' id='word_1_249' title='bbox 1082 2141 1117 2168; x_wconf 92' lang='lat' dir='ltr'>et</span> <span class='ocrx_word' id='word_1_250' title='bbox 1143 2140 1320 2168; x_wconf 85' lang='lat' dir='ltr'>creatum:</span> <span class='ocrx_word' id='word_1_251' title='bbox 1355 2134 1581 2168; x_wconf 84' lang='lat' dir='ltr'>efficientiam</span> <span class='ocrx_word' id='word_1_252' title='bbox 1615 2141 1731 2170; x_wconf 84' lang='lat' dir='ltr'>autem</span> <span class='ocrx_word' id='word_1_253' title='bbox 1769 2135 1806 2168; x_wconf 88' lang='lat' dir='ltr'>in</span> 
     </span>
     <span class='ocr_line' id='line_1_32' title="bbox 354 2182 1806 2227; baseline -0.001 -13"><span class='ocrx_word' id='word_1_254' title='bbox 354 2182 421 2214; x_wconf 90' lang='lat' dir='ltr'>deo</span> <span class='ocrx_word' id='word_1_255' title='bbox 447 2182 718 2215; x_wconf 84' lang='lat' dir='ltr'>demonstratum</span> <span class='ocrx_word' id='word_1_256' title='bbox 747 2188 800 2217; x_wconf 89' lang='lat' dir='ltr'>est</span> <span class='ocrx_word' id='word_1_257' title='bbox 827 2193 906 2216; x_wconf 87' lang='lat' dir='ltr'>esse</span> <span class='ocrx_word' id='word_1_258' title='bbox 932 2183 1007 2216; x_wconf 92' lang='lat' dir='ltr'>eius</span> <span class='ocrx_word' id='word_1_259' title='bbox 1041 2182 1315 2215; x_wconf 78' lang='lat' dir='ltr'>declarationem</span> <span class='ocrx_word' id='word_1_260' title='bbox 1347 2191 1552 2227; x_wconf 85' lang='lat' dir='ltr'>magnorum</span> <span class='ocrx_word' id='word_1_261' title='bbox 1589 2187 1624 2215; x_wconf 88' lang='lat' dir='ltr'>et</span> <span class='ocrx_word' id='word_1_262' title='bbox 1659 2182 1806 2216; x_wconf 78' lang='lat' dir='ltr'>mirabi-</span> 
     </span>
     <span class='ocr_line' id='line_1_33' title="bbox 353 2228 1806 2274; baseline 0 -13"><span class='ocrx_word' id='word_1_263' title='bbox 353 2228 440 2262; x_wconf 85' lang='lat' dir='ltr'>lium</span> <span class='ocrx_word' id='word_1_264' title='bbox 467 2239 611 2272; x_wconf 84' lang='lat' dir='ltr'>operum</span> <span class='ocrx_word' id='word_1_265' title='bbox 651 2229 753 2262; x_wconf 90' lang='lat' dir='ltr'>nobis</span> <span class='ocrx_word' id='word_1_266' title='bbox 796 2230 942 2263; x_wconf 87' lang='lat' dir='ltr'>factam:</span> <span class='ocrx_word' id='word_1_267' title='bbox 982 2229 1069 2263; x_wconf 86' lang='lat' dir='ltr'>haec</span> <span class='ocrx_word' id='word_1_268' title='bbox 1104 2235 1218 2262; x_wconf 87' lang='lat' dir='ltr'>autem</span> <span class='ocrx_word' id='word_1_269' title='bbox 1251 2234 1332 2263; x_wconf 87' lang='lat' dir='ltr'>sunt</span> <span class='ocrx_word' id='word_1_270' title='bbox 1364 2239 1472 2272; x_wconf 83' lang='lat' dir='ltr'>opera</span> <span class='ocrx_word' id='word_1_271' title='bbox 1517 2234 1655 2263; x_wconf 79' lang='lat' dir='ltr'>creata:</span> <span class='ocrx_word' id='word_1_272' title='bbox 1689 2238 1806 2274; x_wconf 86' lang='lat' dir='ltr'>neque</span> 
     </span>
     <span class='ocr_line' id='line_1_34' title="bbox 355 2276 1808 2320; baseline 0.001 -12"><span class='ocrx_word' id='word_1_273' title='bbox 355 2286 442 2309; x_wconf 83' lang='lat' dir='ltr'>vero</span> <span class='ocrx_word' id='word_1_274' title='bbox 468 2276 543 2308; x_wconf 93' lang='lat' dir='ltr'>ullo</span> <span class='ocrx_word' id='word_1_275' title='bbox 571 2277 674 2310; x_wconf 89' lang='lat' dir='ltr'>modo</span> <span class='ocrx_word' id='word_1_276' title='bbox 708 2277 764 2310; x_wconf 87' lang='lat' dir='ltr'>dei</span> <span class='ocrx_word' id='word_1_277' title='bbox 801 2283 836 2311; x_wconf 87' lang='lat' dir='ltr'>et</span> <span class='ocrx_word' id='word_1_278' title='bbox 870 2278 1073 2310; x_wconf 78' lang='lat' dir='ltr'>divinitates</span> <span class='ocrx_word' id='word_1_279' title='bbox 1098 2277 1297 2317; x_wconf 86' lang='lat' dir='ltr'>increatae,</span> <span class='ocrx_word' id='word_1_280' title='bbox 1331 2276 1456 2320; x_wconf 87' lang='lat' dir='ltr'>quibus</span> <span class='ocrx_word' id='word_1_281' title='bbox 1496 2276 1594 2310; x_wconf 85' lang='lat' dir='ltr'>uulla</span> <span class='ocrx_word' id='word_1_282' title='bbox 1630 2277 1808 2310; x_wconf 79' lang='lat' dir='ltr'>antecedit</span> 
     </span>
     <span class='ocr_line' id='line_1_35' title="bbox 354 2323 1806 2368; baseline 0.001 -13"><span class='ocrx_word' id='word_1_283' title='bbox 354 2324 484 2364; x_wconf 87' lang='lat' dir='ltr'>motio,</span> <span class='ocrx_word' id='word_1_284' title='bbox 519 2334 620 2367; x_wconf 87' lang='lat' dir='ltr'>quam</span> <span class='ocrx_word' id='word_1_285' title='bbox 654 2329 691 2356; x_wconf 87' lang='lat' dir='ltr'>tu</span> <span class='ocrx_word' id='word_1_286' title='bbox 718 2325 857 2368; x_wconf 89' lang='lat' dir='ltr'>quidem</span> <span class='ocrx_word' id='word_1_287' title='bbox 897 2324 1121 2358; x_wconf 76' lang='lat' dir='ltr'>efficientiam</span> <span class='ocrx_word' id='word_1_288' title='bbox 1154 2334 1232 2357; x_wconf 87' lang='lat' dir='ltr'>esse</span> <span class='ocrx_word' id='word_1_289' title='bbox 1273 2323 1375 2367; x_wconf 83' lang='lat' dir='ltr'>fingis</span> <span class='ocrx_word' id='word_1_290' title='bbox 1408 2333 1501 2356; x_wconf 88' lang='lat' dir='ltr'>nunc</span> <span class='ocrx_word' id='word_1_291' title='bbox 1527 2328 1562 2356; x_wconf 86' lang='lat' dir='ltr'>et</span> <span class='ocrx_word' id='word_1_292' title='bbox 1586 2323 1806 2357; x_wconf 88' lang='lat' dir='ltr'>divinitatem</span> 
     </span>
     <span class='ocr_line' id='line_1_36' title="bbox 354 2370 1807 2415; baseline -0.001 -12"><span class='ocrx_word' id='word_1_293' title='bbox 354 2370 516 2414; x_wconf 85' lang='lat' dir='ltr'>appellas</span> <span class='ocrx_word' id='word_1_294' title='bbox 544 2371 733 2404; x_wconf 88' lang='lat' dir='ltr'>increatam</span> <span class='ocrx_word' id='word_1_295' title='bbox 761 2377 795 2404; x_wconf 90' lang='lat' dir='ltr'>et</span> <span class='ocrx_word' id='word_1_296' title='bbox 820 2371 862 2404; x_wconf 85' lang='lat' dir='ltr'>ab</span> <span class='ocrx_word' id='word_1_297' title='bbox 890 2372 1043 2405; x_wconf 84' lang='lat' dir='ltr'>essentia</span> <span class='ocrx_word' id='word_1_298' title='bbox 1068 2372 1189 2404; x_wconf 87' lang='lat' dir='ltr'>divina</span> <span class='ocrx_word' id='word_1_299' title='bbox 1217 2370 1415 2404; x_wconf 86' lang='lat' dir='ltr'>diversam:</span> <span class='ocrx_word' id='word_1_300' title='bbox 1451 2370 1545 2404; x_wconf 87' lang='lat' dir='ltr'>fictio</span> <span class='ocrx_word' id='word_1_301' title='bbox 1571 2371 1679 2415; x_wconf 81' lang='lat' dir='ltr'>igitur</span> <span class='ocrx_word' id='word_1_302' title='bbox 1704 2381 1807 2404; x_wconf 89' lang='lat' dir='ltr'>men..</span> 
     </span>
     <span class='ocr_line' id='line_1_37' title="bbox 354 2417 1807 2463; baseline 0.002 -14"><span class='ocrx_word' id='word_1_303' title='bbox 354 2418 399 2450; x_wconf 91' lang='lat' dir='ltr'>tis</span> <span class='ocrx_word' id='word_1_304' title='bbox 425 2423 506 2450; x_wconf 88' lang='lat' dir='ltr'>tuae</span> <span class='ocrx_word' id='word_1_305' title='bbox 541 2423 594 2451; x_wconf 84' lang='lat' dir='ltr'>est</span> <span class='ocrx_word' id='word_1_306' title='bbox 622 2419 787 2452; x_wconf 84' lang='lat' dir='ltr'>divinitas</span> <span class='ocrx_word' id='word_1_307' title='bbox 824 2424 906 2460; x_wconf 89' lang='lat' dir='ltr'>tua,</span> <span class='ocrx_word' id='word_1_308' title='bbox 943 2418 1080 2463; x_wconf 89' lang='lat' dir='ltr'>qualem</span> <span class='ocrx_word' id='word_1_309' title='bbox 1113 2428 1158 2451; x_wconf 88' lang='lat' dir='ltr'>ne</span> <span class='ocrx_word' id='word_1_310' title='bbox 1195 2417 1423 2462; x_wconf 77' lang='lat' dir='ltr'>tragelaphos</span> <span class='ocrx_word' id='word_1_311' title='bbox 1461 2417 1600 2462; x_wconf 89' lang='lat' dir='ltr'>quidem</span> <span class='ocrx_word' id='word_1_312' title='bbox 1633 2418 1807 2462; x_wconf 75' lang='lat' dir='ltr'>fingentes</span> 
     </span>
     <span class='ocr_line' id='line_1_38' title="bbox 356 2465 734 2509; baseline 0.003 -12"><span class='ocrx_word' id='word_1_313' title='bbox 356 2465 558 2509; x_wconf 86' lang='lat' dir='ltr'>excogitare</span> <span class='ocrx_word' id='word_1_314' title='bbox 586 2466 734 2508; x_wconf 81' lang='lat' dir='ltr'>possint.</span> 
     </span>
    </p>
   </div>
   <div class='ocr_carea' id='block_1_6' title="bbox 353 2529 1826 2812">
    <p class='ocr_par' dir='ltr' id='par_1_7' title="bbox 353 2529 1826 2812">
     <span class='ocr_line' id='line_1_39' title="bbox 486 2529 1806 2573; baseline -0.002 -11"><span class='ocrx_word' id='word_1_315' title='bbox 486 2530 610 2571; x_wconf 81' lang='lat' dir='ltr'>Magna</span> <span class='ocrx_word' id='word_1_316' title='bbox 635 2530 773 2573; x_wconf 89' lang='lat' dir='ltr'>quidem</span> <span class='ocrx_word' id='word_1_317' title='bbox 805 2530 1030 2573; x_wconf 85' lang='lat' dir='ltr'>oppositione</span> <span class='ocrx_word' id='word_1_318' title='bbox 1052 2530 1160 2572; x_wconf 85' lang='lat' dir='ltr'>partis</span> <span class='ocrx_word' id='word_1_319' title='bbox 1178 2530 1362 2573; x_wconf 80' lang='lat' dir='ltr'>utriusque</span> <span class='ocrx_word' id='word_1_320' title='bbox 1389 2530 1480 2562; x_wconf 85' lang='lat' dir='ltr'>facta</span> <span class='ocrx_word' id='word_1_321' title='bbox 1507 2535 1542 2563; x_wconf 88' lang='lat' dir='ltr'>et</span> <span class='ocrx_word' id='word_1_322' title='bbox 1570 2529 1688 2563; x_wconf 84' lang='lat' dir='ltr'>verbis</span> <span class='ocrx_word' id='word_1_323' title='bbox 1717 2531 1806 2563; x_wconf 89' lang='lat' dir='ltr'>con-</span> 
     </span>
     <span class='ocr_line' id='line_1_40' title="bbox 355 2576 1826 2621; baseline 0 -11"><span class='ocrx_word' id='word_1_324' title='bbox 355 2577 476 2610; x_wconf 88' lang='lat' dir='ltr'>sumtis</span> <span class='ocrx_word' id='word_1_325' title='bbox 508 2576 626 2619; x_wconf 88' lang='lat' dir='ltr'>qualia</span> <span class='ocrx_word' id='word_1_326' title='bbox 660 2577 917 2620; x_wconf 84' lang='lat' dir='ltr'>obiurgationis</span> <span class='ocrx_word' id='word_1_327' title='bbox 955 2576 1062 2609; x_wconf 86' lang='lat' dir='ltr'>filium</span> <span class='ocrx_word' id='word_1_328' title='bbox 1090 2577 1265 2618; x_wconf 84' lang='lat' dir='ltr'>contexit,</span> <span class='ocrx_word' id='word_1_329' title='bbox 1305 2576 1479 2620; x_wconf 87' lang='lat' dir='ltr'>simulque</span> <span class='ocrx_word' id='word_1_330' title='bbox 1504 2576 1654 2610; x_wconf 81' lang='lat' dir='ltr'>tumultu</span> <span class='ocrx_word' id='word_1_331' title='bbox 1678 2586 1826 2621; x_wconf 66' lang='lat' dir='ltr'>magno]</span> 
     </span>
     <span class='ocr_line' id='line_1_41' title="bbox 355 2622 1826 2667; baseline 0.001 -12"><span class='ocrx_word' id='word_1_332' title='bbox 355 2628 479 2656; x_wconf 88' lang='lat' dir='ltr'>exorto</span> <span class='ocrx_word' id='word_1_333' title='bbox 506 2623 648 2656; x_wconf 83' lang='lat' dir='ltr'>illorum</span> <span class='ocrx_word' id='word_1_334' title='bbox 676 2624 813 2656; x_wconf 84' lang='lat' dir='ltr'>indorte</span> <span class='ocrx_word' id='word_1_335' title='bbox 840 2624 1076 2657; x_wconf 89' lang='lat' dir='ltr'>adiuvantium</span> <span class='ocrx_word' id='word_1_336' title='bbox 1104 2623 1276 2656; x_wconf 86' lang='lat' dir='ltr'>l‘alamam</span> <span class='ocrx_word' id='word_1_337' title='bbox 1298 2625 1356 2667; x_wconf 90' lang='lat' dir='ltr'>qui</span> <span class='ocrx_word' id='word_1_338' title='bbox 1383 2634 1486 2656; x_wconf 84' lang='lat' dir='ltr'>aures</span> <span class='ocrx_word' id='word_1_339' title='bbox 1518 2629 1657 2657; x_wconf 84' lang='lat' dir='ltr'>nostras</span> <span class='ocrx_word' id='word_1_340' title='bbox 1682 2622 1826 2667; x_wconf 67' lang='lat' dir='ltr'>perso-³</span> 
     </span>
     <span class='ocr_line' id='line_1_42' title="bbox 354 2664 1826 2715; baseline 0 -12"><span class='ocrx_word' id='word_1_341' title='bbox 354 2671 447 2703; x_wconf 88' lang='lat' dir='ltr'>ravit</span> <span class='ocrx_word' id='word_1_342' title='bbox 474 2670 520 2702; x_wconf 88' lang='lat' dir='ltr'>ita</span> <span class='ocrx_word' id='word_1_343' title='bbox 546 2675 584 2702; x_wconf 90' lang='lat' dir='ltr'>ut</span> <span class='ocrx_word' id='word_1_344' title='bbox 609 2681 726 2714; x_wconf 85' lang='lat' dir='ltr'>neque</span> <span class='ocrx_word' id='word_1_345' title='bbox 754 2671 909 2703; x_wconf 82' lang='lat' dir='ltr'>exaudiri</span> <span class='ocrx_word' id='word_1_346' title='bbox 937 2675 1059 2713; x_wconf 87' lang='lat' dir='ltr'>posset</span> <span class='ocrx_word' id='word_1_347' title='bbox 1084 2671 1270 2715; x_wconf 86' lang='lat' dir='ltr'>quidquam</span> <span class='ocrx_word' id='word_1_348' title='bbox 1297 2672 1493 2714; x_wconf 86' lang='lat' dir='ltr'>dictorum,</span> <span class='ocrx_word' id='word_1_349' title='bbox 1522 2671 1696 2715; x_wconf 83' lang='lat' dir='ltr'>Gregoras</span> <span class='ocrx_word' id='word_1_350' title='bbox 1723 2664 1826 2704; x_wconf 62' lang='lat' dir='ltr'>cur-l</span> 
     </span>
     <span class='ocr_line' id='line_1_43' title="bbox 354 2717 1807 2762; baseline -0.001 -12"><span class='ocrx_word' id='word_1_351' title='bbox 354 2727 428 2750; x_wconf 89' lang='lat' dir='ltr'>sum</span> <span class='ocrx_word' id='word_1_352' title='bbox 455 2718 601 2749; x_wconf 82' lang='lat' dir='ltr'>retinuit</span> <span class='ocrx_word' id='word_1_353' title='bbox 625 2723 909 2762; x_wconf 83' lang='lat' dir='ltr'>argumentorum</span> <span class='ocrx_word' id='word_1_354' title='bbox 935 2717 1098 2759; x_wconf 83' lang='lat' dir='ltr'>illorum,</span> <span class='ocrx_word' id='word_1_355' title='bbox 1131 2728 1176 2750; x_wconf 90' lang='lat' dir='ltr'>ne</span> <span class='ocrx_word' id='word_1_356' title='bbox 1201 2718 1340 2761; x_wconf 87' lang='lat' dir='ltr'>species</span> <span class='ocrx_word' id='word_1_357' title='bbox 1367 2718 1594 2752; x_wconf 66' lang='lat' dir='ltr'>simulat-etur</span> <span class='ocrx_word' id='word_1_358' title='bbox 1619 2718 1807 2751; x_wconf 89' lang='lat' dir='ltr'>convicio-</span> 
     </span>
     <span class='ocr_line' id='line_1_44' title="bbox 353 2763 1807 2812; baseline 0.002 -16"><span class='ocrx_word' id='word_1_359' title='bbox 353 2774 428 2801; x_wconf 80' lang='lat' dir='ltr'>rum</span> <span class='ocrx_word' id='word_1_360' title='bbox 455 2763 616 2799; x_wconf 83' lang='lat' dir='ltr'>Palamae</span> <span class='ocrx_word' id='word_1_361' title='bbox 659 2770 697 2798; x_wconf 91' lang='lat' dir='ltr'>ut</span> <span class='ocrx_word' id='word_1_362' title='bbox 729 2765 989 2799; x_wconf 73' lang='lat' dir='ltr'>consisterentz</span> <span class='ocrx_word' id='word_1_363' title='bbox 1027 2765 1156 2799; x_wconf 85' lang='lat' dir='ltr'>etenim</span> <span class='ocrx_word' id='word_1_364' title='bbox 1192 2765 1222 2800; x_wconf 82' lang='lat' dir='ltr'>si</span> <span class='ocrx_word' id='word_1_365' title='bbox 1262 2765 1466 2801; x_wconf 82' lang='lat' dir='ltr'>desinerent</span> <span class='ocrx_word' id='word_1_366' title='bbox 1500 2770 1717 2812; x_wconf 77' lang='lat' dir='ltr'>argumenta,</span> <span class='ocrx_word' id='word_1_367' title='bbox 1745 2765 1807 2810; x_wconf 75' lang='lat' dir='ltr'>ait,</span> 
     </span>
    </p>
   </div>
  </div>
 </body>
</html>
