1786 3138
226 105 327 160 444
626 118 921 164 mcmiom
963 117 1266 162 Gnssoonzxss

231 227 347 267 θεῖον
377 226 507 268 εἰπεῖν
534 226 778 277 Διονύσιον,
813 225 854 268 αἱ
885 227 1089 282 μυστικαί
1128 229 1211 268 τῶν
1243 224 1394 282 λογίων
1422 221 1684 282 παραδόσεις

230 292 303 335 καί
332 291 388 342 ὥς
418 295 509 349 φῶς
541 293 950 335 ἆναπλοῖττουσνκαί
983 292 1092 348 ζωὴν
1125 292 1419 335 ἀποκαλοῦσιν.

179 364 217 398 o
351 358 443 400 Ὅτι
469 361 547 413 μὲν
587 356 661 401 οὖν
693 358 763 401 διὰ
807 359 1033 414 συμβόλων
1070 359 1143 402 καί
1173 359 1313 401 τύπων
1353 359 1605 412 σωματικῶν
1634 356 1682 399 οὗ

188 457 196 460 «
227 426 356 480 μόνον
399 424 422 467 ὅ
465 425 564 476 θεὸς
593 424 738 480 ὁμιλεῖ
773 431 860 476 τοῖς
891 426 1133 482 ἀνθρώποις
1145 458 1157 477 ,
1199 424 1306 467 ἀλλὰ
1349 426 1421 469 καὶ
1447 425 1485 467 οὶ
1516 421 1682 480 ἄγγελοι

226 493 381 546 κτίσμα
411 489 547 542 ὄντες,
577 491 745 548 εἴρηταί
765 508 810 534 τε
849 492 921 535 καί
960 495 1032 535 νῦν
1062 493 1186 534 πάλιν
1219 490 1288 533 διὰ
1329 491 1529 548 βραχέων
1550 491 1714 546 ,ἐροῦ-5

225 574 316 612 μεν.
376 558 482 613 φησί
517 558 598 614 γὰρ
641 557 663 600 ὅ
693 558 825 615 μέγας
870 558 996 608 εὐθὺς
1025 558 1246 608 Διονύσιος
1270 556 1327 608 ὥς
1357 557 1431 600 καί
1456 555 1531 606 τὰς
1559 557 1681 606 θείας

228 623 398 680 δράσεις
429 623 465 666 οἱ
497 625 651 668 κλεινοί
692 626 867 681 πατέρες
906 624 1027 680 ἡμῶν
1063 627 1265 679 ἐμυοῦντο
1312 623 1384 666 διὰ
1420 623 1564 678 μέσων
1598 625 1680 666 τῶν

228 690 436 746 οὐρανίων
497 691 729 744 δυνάμεων.
807 691 880 733 καί
927 690 1001 747 τὴν
1045 690 1163 746 ἱερὰν
1209 682 1284 732 ‘soii
1333 690 1464 744 νόμου
1490 701 1493 705 ’
1520 691 1680 743 θεσμο-Ρ

226 758 377 800 θεσίαν
411 758 463 798 δι’
499 757 682 813 ἀγγέλων
728 759 787 808 εἷς
829 757 941 813 ἡμᾶς
986 760 1211 814 προελθεῖν
1249 757 1439 799 διδάσκει
1474 757 1624 813 σαφῶς
1653 753 1680 810 ἦ

226 825 424 880 θεολογία
456 822 513 874 ὥς
541 826 612 879 τῆς
646 827 913 880 θεωνυμικῆς
941 826 1097 876 τάξεως
1128 825 1259 866 ἐκεῖνο
1286 816 1605 879 νομοθετούσης,
1633 820 1680 864 τὸ
1693 837 1738 874 ω

50 893 163 930 tna?
177 905 208 929 a.
227 889 299 933 διὰ
330 893 412 933 τῶν
444 891 621 947 πρώτων
649 891 701 933 τὰ
731 891 905 948 δεύτερα
936 891 1042 948 πρὸς
1069 891 1114 934 τὸ
1157 894 1274 933 θεῖον
1307 890 1559 947 ἆνάγεσθαι.,
1609 889 1682 933 καί

171 971 180 978 ·
225 958 279 1013 τῇ
309 957 508 1013 παρθένῳ
542 959 586 1000 δὲ
613 957 659 1000 τὸ
691 962 808 1000 θεῖον
849 960 1081 1014 μυστήριον
1111 955 1280 1013 ἄγγελος
1316 953 1368 1012 ἦν
1397 956 1576 1011 κομίσας
1608 955 1681 997 ἄν·-

232 1024 435 1080 θρωπίνῳ
467 1024 580 1081 τύπῳ
614 1025 687 1067 καί
714 1025 912 1080 σχήματι.
968 1027 1042 1068 καί
1066 1030 1152 1075 τοῖς
1187 1023 1382 1079 ποιμέσιν
1408 1021 1578 1080 ἄγγελος
1606 1038 1682 1063 κυ-

230 1091 322 1147 ρίου
364 1091 455 1132 τότε
488 1093 618 1147 φησίν
661 1092 833 1147 ἐπέστη,
864 1093 937 1134 καί
967 1093 1067 1143 δόξα
1105 1092 1255 1147 κυρίου
1277 1092 1578 1147 ,περιέλαμψεν
1605 1087 1682 1130 αὖ-

138 1162 214 1196 ιθ
226 1157 333 1207 τούς.
366 1157 438 1199 καί
468 1156 539 1199 τὸν
569 1159 621 1199 δι’
647 1157 830 1214 ἀγγέλων
858 1157 1112 1212 λαλούμενον
1139 1158 1260 1213 λόγον
1286 1157 1481 1213 γίνεσθαι
1509 1155 1683 1210 βέβαιον
1696 1167 1739 1204 15

228 1225 456 1279 ἀκούομεν·
515 1224 589 1274 τὰς
616 1223 697 1281 γὰρ
729 1223 883 1274 ἆΰλους
920 1224 1144 1281 ἱεραρχίας
1191 1223 1354 1273 ὖλαίοις
1391 1223 1582 1277 σχήμασι
1610 1220 1683 1263 καί

226 1296 520 1348 μορφωτικαῖς
551 1291 779 1333 συνθέσεσι
809 1292 1110 1339 διαποικίλασα
1135 1291 1440 1346 παραδέδωκεν
1469 1287 1497 1344 ἦ
1524 1290 1682 1332 Διονυ-

225 1357 320 1400 σίου
348 1359 423 1399 τοῦ
452 1358 571 1399 θείου
603 1357 775 1411 βίβλος·
834 1357 883 1398 οὔ
908 1357 989 1413 γὰρ
1022 1358 1198 1400 δυνατόν
1222 1373 1326 1413 φησι
1349 1358 1410 1414 τῷ
1437 1358 1538 1397 καθ’
1570 1353 1684 1410 ἡμᾶς

224 1425 286 1480 νῷ
318 1422 424 1479 πρὸς
454 1423 527 1478 τὴν
563 1420 690 1464 ἆθλον
720 1422 880 1478 ἐκείνην
913 1423 1175 1478 ἀναταθῆναι
1195 1424 1278 1465 τῶν
1305 1421 1512 1477 οὐρανίων
1533 1419 1681 1476 ἱεραρ-

222 1492 332 1543 χιῶν
373 1490 553 1545 μίμησίν
584 1505 628 1531 τε
675 1491 747 1531 καί
792 1489 1003 1545 θεωρίαν,
1036 1491 1074 1531 εἷ
1104 1489 1163 1544 μὴ
1199 1490 1253 1546 τῇ
1280 1492 1368 1530 κατ’
1401 1486 1526 1530 αὐτὸν
1554 1484 1740 1544 ὗλαίᾳςὶο

221 1557 485 1614 χειραγωγία
513 1556 737 1611 χρήσαιτο.
809 1555 1076 1613 λειτουργικὰ
1117 1555 1198 1613 γὰρ
1229 1555 1266 1598 οἱ
1299 1553 1491 1611 ἄγγελοι,
1540 1552 1682 1610 φησίν,

226 1623 310 1665 εἰσί
340 1622 567 1677 πνεύματα,
591 1621 697 1678 πρὸς
728 1624 942 1665 διακονίαν
973 1623 1325 1676 ἀποστελλόμενα.
1381 1619 1454 1665 καί
1477 1620 1539 1676 τῷ
1570 1621 1681 1674 Χρι-

225 1690 311 1746 στῷ
346 1687 588 1745 δὲςᾶγγελοι
620 1689 864 1745 διηκόνουν,
908 1689 1038 1746 φησὶν
1079 1688 1106 1744 ἦ
1144 1689 1302 1746 γραφή.
1375 1686 1683 1744 καιζοῖγγέλους

320 1802 351 1835 1.
378 1801 444 1835 τοῦ
472 1800 582 1847 ἁγίου
607 1803 811 1839 Διονυσίου
836 1802 876 1838 ἐκ
909 1801 977 1836 τοῦ
999 1803 1087 1847 περὶ
1114 1801 1182 1846 τῆς
1201 1800 1377 1849 αι’ρανίου
1402 1800 1592 1855 ἱεραρχίας
1619 1810 1681 1835 κε-

319 1849 490 1894 φαλαίου
515 1848 681 1896 πρώτου.

224 1955 292 2026 cap,
325 1945 576 1979 sententiarum
607 1945 815 1980 traditiones
855 1950 1017 1991 tanquam
1052 1945 1184 1979 lumina
1210 1943 1420 1978 collustrant
1445 1948 1482 1977 et
1502 1943 1610 1978 vitam
1633 1944 1679 1978 iis

223 1993 268 2027 tri
295 1997 394 2026 nunt.

355 2055 391 2090 Si
417 2056 556 2101 quidem
582 2055 751 2099 symbolis
779 2061 814 2090 et
832 2056 952 2090 formis
979 2056 1160 2100 corporeis
1186 2064 1257 2090 non
1283 2054 1398 2089 solum
1424 2054 1510 2089 deus
1536 2054 1676 2089 locutus

225 2107 279 2136 est
304 2113 380 2135 cum
417 2102 636 2145 hominibus,
683 2114 805 2137 verum
842 2104 946 2137 etiam
983 2102 1102 2158 angeli
1139 2103 1272 2144 creati,
1313 2107 1352 2135 ut
1375 2102 1441 2136 iam
1465 2102 1614 2135 diximus
1642 2107 1677 2136 et

222 2160 315 2183 nunc
341 2151 463 2193 paucis
489 2151 614 2183 iterum
640 2151 808 2184 dicemus.
859 2151 944 2184 dicit
971 2151 1062 2183 enim
1095 2160 1240 2194 magnus
1265 2140 1456 2192 Dionysius
1481 2154 1599 2192 patros
1626 2148 1677 2182 il..

222 2196 352 2230 lustres
378 2197 634 2240 contemplatos
659 2208 738 2231 esse
753 2198 853 2231 deum
874 2208 938 2241 per
954 2198 1085 2231 medias
1111 2196 1290 2230 coelorum
1307 2198 1455 2229 virtutes
1480 2201 1515 2229 et
1542 2205 1675 2229 sacram

222 2243 316 2288 legis
343 2245 628 2278 constitutionem
656 2255 719 2288 per
745 2244 893 2289 angelos
921 2245 962 2278 ad
987 2254 1051 2277 nos
1078 2244 1220 2277 venisse
1253 2248 1374 2286 aperte
1400 2243 1505 2277 docet
1529 2242 1674 2276 theolo-

222 2291 279 2335 gia
309 2295 343 2323 et
372 2291 491 2325 divina
515 2291 575 2325 lex
619 2292 717 2325 iubet
757 2302 800 2324 ex
826 2291 1009 2335 principiis
1043 2290 1296 2334 consequentia
1328 2289 1371 2323 ad
1407 2290 1509 2324 deum
1534 2289 1674 2324 referri.

222 2338 354 2382 virgini
382 2338 538 2371 divinum
566 2339 770 2382 mysterium
797 2338 915 2371 attulit
943 2338 1092 2383 angelus
1125 2337 1190 2371 sub
1215 2336 1364 2370 hnmana
1390 2337 1501 2370 forma
1527 2341 1563 2370 et
1588 2346 1674 2380 spe-

222 2385 299 2426 cie,
339 2390 374 2418 et
398 2385 596 2428 pastoribus
631 2384 780 2430 angelus
816 2385 968 2427 domini,
1009 2385 1144 2429 inquit,
1177 2384 1287 2417 astitit
1320 2389 1356 2416 et
1389 2383 1505 2428 gloria
1543 2383 1674 2417 domini

222 2431 458 2465 circumdabat
483 2442 544 2465 eos
572 2437 607 2465 et
632 2432 776 2466 verbum
803 2442 865 2475 per
896 2432 1043 2476 angelos
1071 2431 1264 2465 nuntiatum
1291 2441 1371 2464 csse
1394 2440 1459 2474 pro
1484 2435 1582 2464 creto
1607 2440 1675 2464 au-

222 2479 387 2511 divimus.
437 2489 515 2512 nam
542 2489 660 2512 sacras
687 2479 910 2513 Hierarchias
937 2480 1167 2522 incorporeas
1194 2478 1375 2521 corporeis
1401 2477 1613 2523 imaginibus
1640 2481 1676 2510 et

223 2525 410 2558 formarum
437 2527 696 2569 compositione
723 2526 890 2559 variatam
916 2526 1057 2559 tradidit
1082 2525 1117 2559 S.
1144 2524 1305 2567 Dionysii
1331 2523 1435 2558 liber.
1485 2533 1555 2558 non
1582 2524 1673 2557 enim

220 2582 348 2615 posse,
374 2573 513 2617 inquit,
551 2583 614 2616 pcr
638 2578 792 2606 nostram
817 2578 965 2606 mentem
992 2572 1034 2606 ad
1067 2569 1325 2615 inc’orporalem
1352 2570 1560 2605 coelestium
1586 2570 1675 2604 Hie..

220 2618 435 2652 rarchiarum
462 2620 692 2653 imitationem
731 2625 766 2652 ct
791 2619 1124 2663 contemplationem
1151 2618 1367 2662 pervenire,
1405 2618 1473 2651 nisi
1497 2616 1674 2661 corporali

221 2664 354 2698 auxilio
380 2666 552 2699 adhibito.
603 2667 804 2700 servientes
830 2666 920 2699 enim
946 2667 1082 2699 animae
1108 2666 1222 2710 inquit
1246 2670 1326 2698 sunt
1351 2664 1470 2713 angeli
1499 2665 1541 2698 ad
1567 2664 1674 2698 mini..

220 2712 365 2747 sterium
392 2714 518 2748 missac
553 2718 588 2746 ct
625 2713 766 2748 Christo
807 2713 955 2757 angelos
990 2712 1145 2747 servisse
1185 2712 1358 2756 scriptura
1396 2712 1530 2746 resem-
1568 2719 1679 2756 porro.
