1768 3132
240 135 338 194 564
494 136 497 139 ’
631 147 945 194 mci-„raom
969 146 1275 193 Gnaeoam

149 272 225 308 οι
374 258 462 300 To&
491 255 542 313 δὴ
570 256 759 300 τοιούτου
793 255 1136 313 στρατηγήματος
1176 254 1365 310 εὐτυχῶς
1387 270 1433 299 τε
1461 252 1536 299 καὶ
1559 269 1695 312 τραυ-
1752 289 1755 296 ,

235 323 381 382 μάτων
411 325 512 378 δίχα
540 325 601 381 τῷ
637 327 813 379 βασιλεῖ
846 320 1059 380 γεγονότος
1097 323 1241 379 ἕτερον
1280 322 1693 380 ἐπιγίνεται-μεῖζον,

234 395 397 448 μᾶλλον
428 393 473 435 δὲ
500 393 582 434 τῶν
612 390 725 448 αὐτῷ
752 389 1110 445 σπουδαζομένων
1129 389 1175 432 τὸ
1203 390 1398 448 μέγιστόν
1424 405 1469 432 τε
1485 389 1560 433 καὶ
1585 405 1693 446 κρα-

235 459 466 502 ταιότατον.
496 458 570 501 καί
599 458 647 501 τό
675 473 722 515 γε
749 459 913 513 βέλτιον
934 457 1007 499 καί
1037 458 1399 516 θαυμαστότερον,
1431 454 1498 501 ὅτι
1522 456 1597 500 καὶ
1622 453 1695 507 ξὺν

237 525 377 568 οὐδενὶ
409 526 537 583 πόνῳ.
571 524 799 580 ἱσταμένου
828 524 909 581 γὰρ
940 521 1122 581 ἤδη-τοῖ
1151 521 1424 583 θέρουςξῖκαί
1449 528 1537 569 τῶν
1563 521 1728 570 ἄπα-5

230 592 350 644 χύων
383 592 740 649 προκαλουμένων
767 591 862 642 τοὺς
885 593 1087 648 θεριστὰς
1114 591 1188 634 καί
1217 591 1518 646 άμαλλοδέτας,
1545 604 1696 646 τετρα-

236 660 473 712 κισχιλίους
514 658 668 709 ἱππέας
714 658 963 715 βαρβάρους
1006 657 1243 715 ἀνειληφώς
1280 659 1554 716 πεμφθέντας
1579 674 1700 715 παρα

233 726 309 767 τοῦ
339 724 543 781 Ὑρκανοῦ
570 727 646 768 τοῦ
673 726 870 782 γαμβρου
887 727 1122 775 Mar-90:509
1153 741 1174 766 ο
1209 723 1412 779 βασιλεὺς
1438 723 1463 768 ὅ
1489 741 1563 768 του
1544 725 1696 768 Καν-

62 797 219 838 r.274b.
233 792 494 846 τακουζηνοῦ
529 790 643 843 υἱός,
687 791 760 834 καί
800 790 843 833 εἴ
863 807 971 841 τινες
1002 786 1083 832 εἶεν
1120 792 1175 847 τῇ
1204 790 1330 833 αὐτοῦ
1357 793 1550 846 βασιλίδι
1574 789 1693 835 ninel-

234 873 371 908 κοντες
399 860 655 915 στρατιῶται
682 857 887 913 Ῥωμαῖοι
915 858 1014 915 περὶ
1039 856 1085 900 τὸ
1107 857 1321 914 Βωλερόν,
1349 874 1421 901 και
1450 860 1602 914 διαβὰς
1617 857 1692 910 τὰς
1707 868 1750 905 10

233 941 331 982 περι
369 926 681 982 Χριστουπολιν
710 926 993 980 ἐστενωμένας
1026 926 1267 982 παρόδους,
1298 926 1485 981 εληῖζετο
1511 924 1566 968 τὰ
1593 926 1690 968 ἐπέ-

233 1008 351 1034 κεινα
386 995 614 1035 Φιλιππων
643 990 784 1044 ἄστεα,
813 995 976 1048 μᾶλλον
1007 995 1045 1035 δ’
1077 991 1158 1035 ὅσα
1190 993 1386 1049 περίοικα
1413 993 1575 1043 τούτοις
1598 1007 1690 1046 χω-

235 1060 307 1114 ρία
333 1059 557 1114 Ῥωμαίων
583 1061 661 1114 μὲν
692 1057 815 1111 ὄντα,
862 1058 1029 1115 ὗπήκοα
1063 1060 1109 1101 δὲ
1155 1062 1412 1116 Τριβαλλοῖς
1450 1060 1496 1102 ἐκ
1522 1061 1692 1104 πολλοῖ.

146 1124 259 1168 ⁶58
287 1126 599 1182 προεγνωκότος
640 1128 715 1169 τοῦ
740 1126 814 1182 τὴν
841 1125 990 1182 χώραν
1018 1126 1180 1182 ἐκείνην
1222 1127 1448 1182 τηνικαῦτα
1479 1125 1693 1176 διέποντος

238 1195 504 1248 Τριβαλλοῧ,
535 1194 608 1236 καί
649 1192 909 1243 ἀντιστάντος
952 1194 995 1234 ἐν
1028 1191 1184 1243 ὅπλοις,
1215 1191 1373 1249 ἧττήθη
1404 1191 1512 1235 κατὰ
1539 1192 1690 1250 κράτος
1705 1195 1768 1241 15'

234 1261 469 1309 Ματθαῖος
496 1258 518 1301 ὁ
550 1260 762 1314 βασιλεύς,
794 1259 867 1302 καί
895 1257 1005 1301 ἑάλω
1034 1259 1112 1313 μὲν
1133 1257 1257 1309 αὐτὸς
1291 1260 1386 1311 ζῶν,
1416 1254 1611 1301 ἑάλωσαν
1642 1259 1688 1301 δὲ

234 1325 307 1385 καί
336 1325 373 1367 οὶ
402 1330 491 1381 μετ)
527 1326 656 1368 αὐτοῦ
685 1325 838 1379 σχεδὸν
868 1325 1069 1377 ἅπαντες,
1100 1324 1195 1368 ὅσοι
1222 1324 1281 1381 μὴ
1311 1329 1470 1382 ξίφους
1499 1325 1620 1382 ἔργον
1648 1326 1692 1368 ἐν

232 1395 286 1450 τῇ
314 1393 433 1449 μάχῃ
463 1392 715 1449 γεγένηνται.
772 1395 892 1436 τοῦτο
922 1391 1076 1448 μαθών
1107 1391 1130 1435 ὁ
1160 1390 1360 1447 βασιλεὺς
1390 1390 1497 1449 ἄρας
1524 1394 1569 1435 ἐκ
1600 1391 1691 1436 Aa&

234 1462 364 1514 σβου,
411 1459 517 1502 ἔνθα
556 1462 782 1516 τηνικαῦτα
812 1459 886 1516 τὴν
914 1458 1112 1515 ναυτικὴν
1157 1460 1387 1502 διανέπαυε
1416 1459 1600 1518 δύναμιν
1618 1459 1692 1501 καὶ

234 1525 286 1568 τὰ
316 1526 422 1582 πρὸς
461 1529 708 1584 πολιορκίαν
737 1527 925 1571 Φωκέων
964 1527 1227 1570 συντείνοντα
1271 1525 1519 1582 ἧτοιμάζετό
1546 1541 1591 1569 τε
1619 1526 1748 1571 namo

235 1593 557 1650 προηυτρέπιζε,
588 1594 790 1650 πλήρεσιν
830 1593 977 1644 ἱστίοις
1007 1594 1199 1650 καταίρει
1239 1595 1282 1644 ἐς
1305 1591 1359 1636 τὰ
1387 1592 1508 1650 πέριξ
1534 1592 1691 1648 Ἀβδή-

237 1676 322 1716 ρων
352 1662 534 1704 ἐπίνεια·
593 1663 666 1704 καί
694 1661 893 1718 πρέσβεις
921 1663 1083 1705 ἐκεῖθεν
1103 1659 1337 1718 πεπομφώς
1364 1662 1426 1718 τῷ
1456 1664 1527 1704 τὸν
1558 1661 1689 1703 Ματ-

234 1728 362 1769 θαῖον
385 1727 605 1781 κατέχοντι
634 1728 807 1784 δέσμιον
829 1729 1070 1786 Τριβαλλῷ,
1097 1728 1170 1770 καί
1184 1716 1350 1786 ’φιλίαν
1383 1729 1482 1778 δους
1508 1726 1582 1770 καὶ
1614 1730 1691 1769 λα-

370 1933 445 1968 Hoc
461 1935 652 1968 certamine
676 1935 752 1980 regi
770 1945 941 1991 prospere
963 1941 997 1969 et
1010 1935 1088 1970 sine
1105 1934 1254 1969 vulnere
1273 1935 1385 1977 linito,
1412 1934 1445 1968 ei
1470 1932 1565 1968 aliud
1587 1931 1701 1978 quid-'

238 1974 315 2015 (iam
345 1983 466 2015 evenit
491 1983 634 2015 maioris
662 1983 828 2016 momenti
857 1982 916 2016 vel
943 1984 1059 2027 potius
1086 1983 1237 2017 omnium
1264 1993 1354 2027 quae
1379 1981 1590 2015 moliebatur
1613 1991 1692 2015 ma-

238 2032 367 2063 ximum
399 2035 434 2062 ct
458 2031 720 2074 gravissimum,
748 2035 784 2063 et
808 2030 899 2075 quod
927 2030 1053 2064 melius
1081 2035 1115 2064 et
1140 2030 1348 2071 mirabilius,
1374 2029 1451 2063 sine
1468 2028 1544 2062 ullo
1570 2028 1693 2062 labore

239 2082 489 2120 comparatum.
540 2078 654 2110 media
685 2078 775 2110 enim
802 2083 935 2110 aestate
971 2088 1038 2122 qua
1071 2078 1190 2122 spicae
1215 2086 1390 2110 messores
1419 2081 1454 2109 et
1479 2075 1694 2109 collectores
1754 2074 1763 2075 ’

239 2124 467 2167 postulabant
490 2134 566 2157 cum
594 2130 758 2168 quattuor
784 2125 941 2158 millibus
969 2125 1145 2169 equitibus
1169 2124 1213 2158 ab
1239 2124 1404 2168 Hyrcano
1429 2133 1556 2157 socero
1585 2133 1692 2156 acce-

240 2172 309 2215 ptis
339 2177 374 2204 et
400 2182 476 2204 cum
504 2173 634 2204 ceteris
669 2172 819 2215 imperio
847 2182 910 2205 suo
937 2172 1084 2206 subditis
1117 2171 1285 2205 militibus
1322 2171 1475 2205 romanis
1499 2169 1694 2205 Matthaeus

237 2229 302 2252 rex
328 2219 566 2252 Cantacuzeni
602 2218 695 2252 filius
721 2219 860 2252 transiit
883 2221 1065 2264 angustias
1105 2220 1198 2252 circa
1226 2217 1486 2262 Chrystopolim
1516 2222 1551 2250 et
1576 2218 1694 2251 conti..

237 2275 324 2298 nuas
350 2265 592 2309 Philipporum
627 2266 731 2300 urbes
770 2268 943 2309 vastavit,
977 2267 1136 2310 inprimis
1167 2271 1283 2299 autem
1320 2265 1487 2309 regiones
1522 2275 1614 2310 quae
1640 2265 1693 2298 his

238 2313 396 2346 confines
423 2318 504 2346 sunt
530 2314 704 2346 Romanos
731 2314 868 2357 quidem
895 2314 956 2348 sed
994 2325 1038 2347 ex
1064 2314 1171 2358 longo
1197 2318 1356 2357 tempore
1383 2311 1544 2345 Triballis
1570 2311 1694 2346 subdi..

238 2364 304 2393 tas.
355 2362 447 2405 quod
487 2371 590 2405 quum
625 2359 789 2394 l‘riballus
831 2361 890 2405 qui
916 2366 1033 2394 terrae
1066 2361 1120 2394 illi
1147 2370 1190 2394 eo
1224 2365 1383 2403 ternpore
1411 2364 1575 2402 praeerat
1598 2359 1695 2394 etin

238 2408 344 2440 armis
371 2413 445 2440 erat
471 2409 725 2451 comperisset,
758 2408 953 2442 Matthaeus
978 2419 1041 2442 rex
1065 2409 1101 2442 vi
1129 2408 1306 2452 copiarum
1339 2417 1529 2450 oppressus
1556 2411 1591 2439 et
1615 2406 1693 2450 ipso

236 2456 342 2487 vivus
370 2460 491 2498 raptus
519 2460 584 2488 est.
636 2456 727 2498 capti
755 2460 867 2488 autem
894 2460 975 2489 sunt
1002 2466 1077 2488 cum
1104 2465 1146 2488 eo
1183 2456 1259 2488 fere
1288 2464 1409 2487 omnes
1436 2455 1495 2498 qui
1522 2454 1558 2486 in
1585 2463 1694 2496 proe-

238 2500 287 2534 lio
315 2501 432 2545 gladio
462 2512 532 2535 non
560 2503 670 2535 occisi
700 2507 811 2535 erant.
864 2502 930 2535 hoc
955 2504 1136 2544 nuntiato,
1174 2512 1239 2535 rex
1260 2501 1443 2534 confestim
1470 2500 1583 2534 Lesbo
1608 2509 1705 2545 pro-,
1745 2499 1768 2531 ss<

238 2548 352 2581 fectus
379 2549 426 2581 ibi
456 2560 559 2594 quum
600 2550 721 2594 copias
748 2548 895 2582 navales
920 2549 1127 2594 reliquisset
1165 2554 1199 2582 et
1223 2558 1313 2593 quae
1341 2548 1383 2581 ad
1407 2547 1603 2581 Phocaeam
1627 2557 1694 2591 op-
1754 2565 1768 2586 ς

237 2597 457 2639 pugnandam
483 2597 689 2640 spectabant
714 2602 962 2640 praeparasset
992 2602 1026 2630 ct
1046 2597 1267 2637 instituisset,
1295 2596 1408 2639 passis
1434 2594 1527 2628 velis
1553 2595 1695 2628 navalia
1764 2605 1766 2612 ’

237 2643 331 2675 circa
359 2643 530 2677 Abderam
569 2645 752 2687 ingressus
793 2649 858 2685 est,
887 2649 922 2677 et
947 2643 1029 2677 hinc
1057 2644 1195 2688 legatos
1232 2644 1327 2675 misit
1351 2643 1392 2675 ad
1417 2641 1606 2675 'lriballum
1634 2641 1711 2686 qui'

237 2691 414 2732 captivum
441 2691 584 2724 tenebat
609 2691 819 2725 ltlatthaeum
837 2714 847 2732 ,
877 2696 912 2724 et
940 2702 1016 2724 cum
1044 2700 1086 2724 eo
1125 2691 1280 2724 amicitia
1304 2690 1392 2723 inita
1417 2694 1535 2722 mutua
1565 2694 1601 2722 ct
1626 2699 1695 2732 pe-

235 2737 350 2771 cuniis
375 2738 465 2772 datis
490 2748 562 2771 non
587 2739 709 2783 paucis
736 2749 812 2771 eum
838 2739 875 2771 in
900 2743 1111 2783 potestatem
1129 2748 1226 2773 suam
1252 2737 1403 2782 accepit,
1431 2741 1466 2770 et
1492 2736 1588 2770 misit
1612 2746 1688 2771 cum
