1826 3120
313 0 388 19 ‘'agli''
395 15 397 17 ,
412 0 414 2 ¹
420 3 424 9 ¹

346 127 644 191 nis'l‘omAE
681 138 1027 230 BYzAN'rmAit
1043 139 1171 183 xxx.
1200 124 1452 185 41-43,
1556 128 1653 182 299

235 218 257 228 Q

183 249 329 309 ὥσπερ
367 250 423 297 σὺ
471 250 713 307 διαβάλλεις
758 245 938 305 ἆναίδην
980 249 1281 304 συκοφαντῶν,·
1324 248 1654 303 χαρακτηρίζειν

181 322 262 375 μὲν
292 317 376 376 γὰρ
406 319 649 375 α’κηκόαμεν
669 350 682 372 ,
725 319 948 375 διαφέρειν
990 317 1030 359 δ’
1055 316 1228 374 ου’δαμῇ
1263 313 1335 359 τὸν
1371 318 1489 357 θεῖον
1516 309 1654 369 ἄνδρα

183 388 341 431 ἐκεῖνον
371 384 621 444 εὑρίσκομεν
660 387 846 441 λέγοντα.
916 387 957 428 εἰ
997 386 1043 427 δὲ
1083 383 1129 426 τὸ
1168 384 1496 440 χαρακτηρίζειν
1525 382 1655 432 αὐτὸς

184 455 285 498 α’ντί
309 457 387 498 τοῦ
408 455 631 511 διαφέρειν
661 450 908 508 λαμβάνεις,
928 450 1019 509 ὥρα
1048 468 1115 495 σοι
1135 449 1282 494 λοιπὸν
1312 450 1386 493 καί
1401 452 1656 506 χαρακτῆρα

149 523 264 566 bro&
293 522 458 577 πατρός
495 520 570 564 τὸν
615 517 707 563 υἱὸν
751 522 825 576 τῆς
872 523 1041 578 γραφῆς
1083 509 1278 562 'daonium
1309 516 1528 574 λεγούσης,
1555 515 1654 560 α’νό-

185 604 309 644 μοιον
337 586 412 632 τὸν
443 587 537 632 υἱὸν
562 589 621 647 τῷ
653 590 787 644 πατρὶ
814 588 1036 645 κηρύττειν
1068 589 1140 630 καί
1162 584 1359 629 α’νούσιον
1390 585 1465 628 καί
1482 586 1654 643 σφόδρα

186 652 398 714 διάφορον
428 654 502 711 τήν
531 653 679 713 φύσιν.
740 657 834 697 ἀλλ’
862 654 920 705 ὥς
950 653 1074 709 ἔοικε,
1108 653 1153 697 τὸ
1187 651 1319 711 φύσει
1349 651 1477 696 κακὸν
1506 653 1563 703 ὥς
1591 653 1657 696 εἶ·-

185 720 306 777 ablu,
351 726 425 766 nai
450 722 498 766 τὰ
541 723 615 779 τῆς
643 724 837 772 διανοίας
879 718 993 775 ἅπαξ
1029 725 1175 778 καίρια
1221 720 1441 777 νενοσηκὸς
1470 719 1658 763 καὶτῶν

183 793 315 834 θείων
344 792 595 848 ἐπισφαλῶς
626 788 872 845 α’περρωγὸς
904 788 974 832 διά
1006 792 1146 832 ταῦτα
1176 788 1566 848 δογμάτων,»χρο’νῳ
1580 786 1657 844 τήν

128 856 269 914 ἓθὲξιν
299 858 378 900 ουἰε
404 851 457 900 ἇν
473 858 562 900 ποτ’
595 853 928 910 ἀποτρίψασθαι
957 856 1146 909 δυ’ναιτο,
1177 852 1244 898 ὅτι
1271 853 1329 910 μὴ
1363 857 1438 898 καί
1460 854 1534 912 τὴν
1561 854 1660 900 ἔσθ’

104 920 117 929 Χ
185 921 257 968 ὅτε
284 925 366 969 τοῦ
403 925 535 968 καλοῦ
576 925 859 980 προσποίησιν
896 923 1076 979 τάχιοτα
1105 925 1376 981 ἀποσείεται,
1416 924 1660 978 πράγμασιν

185 991 334 1042 αὐτοῖς
365 989 641 1047 ἐλεγχόμενον
660 1022 673 1045 ,
707 990 1078 1047 παλινδρομούσης
1128 992 1199 1047 τῆς
1245 989 1419 1048 φύσεως
1447 990 1521 1034 καί
1547 992 1657 1035 οἰνα-

184 1059 486 1115 λαμβανούσης
517 1060 563 1102 ἐκ
593 1060 669 1102 τοῦ
712 1055 873 1116 ῥᾴστου
904 1056 948 1101 τὸ
988 1060 1192 1115 γνήσιον.’
1232 1059 1305 1101 καί
1331 1056 1388 1101 ου’
1413 1074 1458 1114 γε
1498 1057 1585 1115 μὴν
1615 1060 1658 1102 ἐν
1673 1051 1759 1104 ⁶18v

185 1128 263 1181 μὲν
304 1126 362 1184 τῷ
399 1125 616 1184 γραφικοῖς
655 1128 896 1182 μαρτυρίας
944 1130 1274 1182 προσποιεῖσθαι
1326 1126 1536 1180 κομίζειν,
1578 1127 1659 1181 οὐχ

131 1201 174 1239 15
187 1194 316 1252 ὑγιῶς
345 1195 384 1237 δ’
414 1189 506 1248 οὖν,
533 1192 610 1251 τὴν
632 1192 762 1244 αὐτὸς
791 1195 953 1238 σαυτοῦ
980 1210 1026 1249 γε
1057 1194 1250 1248 α’μαθίαν
1278 1191 1385 1237 ἑκών
1414 1196 1659 1250 ἐξελέγχεις,

186 1264 231 1305 ἐν
265 1264 312 1305 δὲ
342 1263 512 1322 rainae*
541 1260 649 1318 πρός
693 1262 911 1319 ἐπισφαλῆ
948 1264 1022 1304 καί
1061 1263 1249 1318 δυσσεβῆ
1292 1259 1483 1304 διάνοιαν
1525 1259 1660 1312 αὐτ-ἀς

187 1331 464 1394 διαστρέφειν
503 1326 580 1386 τήν
629 1330 786 1372 οἰκείαν
830 1328 909 1373 ἔπ’
934 1327 1176 1385 θεατρίζεις
1216 1327 1451 1372 κακόνοιαν.
1522 1327 1661 1371 οὐκέτι

182 1395 265 1455 γὰρ
306 1397 546 1452 ἀνέλεγκτον
590 1397 632 1446 ἐς
659 1397 710 1439 τά
741 1413 785 1452 γε
819 1399 891 1454 τῆς
939 1399 1084 1452 ψυχῆς
1117 1395 1334 1451 μυσήτρια
1379 1395 1662 1451 καθευδήσων

186 1467 411 1523 ἕλπίζεται
430 1464 476 1507 τὸ
504 1468 575 1522 τῆς
606 1466 755 1515 κακίας
786 1463 1029 1522 α’πόρρητον
1058 1460 1185 1520 ἄγος·
1219 1462 1444 1520 ἐξερρύηκε
1475 1462 1556 1519 γάρ
1589 1464 1666 1506 καί

126 1530 173 1566 20
187 1534 511 1589 διαπεφοίτηκεν
539 1535 582 1583 ἐς
602 1530 723 1589 ἡλίου
746 1530 880 1585 αόγάς
911 1534 982 1574 καί
1012 1527 1103 1585 ἅμα
1133 1533 1175 1582 ἐς
1192 1532 1385 1586 μυκτῆρα
1406 1529 1478 1572 καί
1502 1527 1662 1585 χλεύην

140 1653 147 1658 ι
187 1596 379 1656 θεάτρου
423 1598 585 1655 μεστήν
618 1600 819 1654 κωμικοῦ.
893 1601 965 1641 καί
994 1597 1043 1655 ἣν
1078 1601 1158 1653 μὲν
1190 1600 1362 1648 ἐδίωκες
1390 1596 1658 1646 α’πολοόλεκας

188 1666 318 1719 δόξαν
348 1665 456 1721 πρὸς
486 1663 663 1720 ἀδοξίαν
686 1666 963 1722 μετενεγκών·
1034 1662 1086 1722 ἢν
1119 1667 1158 1708 δ’
1191 1665 1419 1716 ἐκάλυπτες
1453 1663 1662 1720 αἰσχύνην

193 1901 445 1945 efficientiam,
481 1901 575 1935 sicut
605 1906 644 1935 tu
677 1900 767 1935 haec
801 1901 982 1945 pervertis
1017 1900 1241 1945 impudenter
1267 1897 1505 1934 criminatus?
1531 1899 1662 1933 etenim

194 1946 368 1995 explicati
394 1949 537 1995 quidem
560 1954 720 1983 naturam
762 1948 805 1982 ab
833 1958 874 1982 ea
899 1948 1120 1990 audivimus,
1157 1947 1299 1981 differre
1326 1952 1443 1981 autem
1471 1956 1547 1980 eam
1571 1956 1661 1980 nus..

217 2007 297 2032 uam
321 1997 523 2031 invenimus
549 1997 724 2030 dicentem
752 1996 852 2029 illum
884 1997 1041 2030 divinum
1070 1997 1196 2029 virum.
1248 1995 1316 2028 iam
1342 2004 1429 2028 vero
1455 1995 1485 2027 si
1512 2000 1549 2028 tu
1579 1994 1662 2038 qui..

193 2009 272 2080 gem
298 2042 397 2079 illam
422 2050 570 2078 naturae
605 2043 882 2088 explicationem
911 2054 976 2088 pro
1003 2043 1204 2076 differentia
1233 2043 1392 2085 accipis,
1419 2042 1488 2074 iam
1519 2047 1573 2075 est
1596 2041 1662 2075 tibi

192 2092 398 2138 reliquum,
433 2090 511 2125 cuin
539 2092 660 2126 audias
687 2093 897 2136 scripturam
924 2091 1099 2125 dicentem
1140 2090 1415 2134 explicationem
1442 2090 1552 2133 patris
1582 2099 1662 2123 csse

191 2140 318 2182 filium,
344 2144 382 2173 ut
407 2139 615 2174 dissimilem
642 2139 752 2173 filium
779 2139 870 2183 patri
899 2139 1074 2180 enunties,
1104 2143 1138 2171 et
1165 2137 1259 2182 quod
1285 2137 1326 2170 ad
1351 2142 1508 2170 naturam
1536 2137 1664 2170 attinet

194 2187 351 2223 essentia
376 2191 554 2223 carentem
582 2193 616 2220 et
645 2186 750 2220 valde
776 2187 969 2220 diversum.
1020 2186 1095 2227 sed,
1125 2191 1163 2218 ut
1188 2185 1342 2226 videtur,
1370 2185 1463 2229 quod
1490 2195 1509 2217 a
1533 2189 1660 2218 natura

193 2245 342 2282 pravum
371 2240 437 2277 est,
461 2240 500 2268 ut
526 2236 575 2268 ita
601 2235 726 2276 dicam,
755 2240 789 2268 et
814 2234 925 2267 semel
952 2233 1157 2278 periculoso
1185 2232 1312 2266 mentis
1345 2231 1468 2265 morbo
1497 2231 1663 2265 affectum

195 2289 231 2318 et
253 2287 444 2327 propterea
483 2283 615 2316 divinis
642 2283 815 2327 dogmatis
847 2281 1031 2325 abruptum
1061 2285 1114 2313 cst
1142 2281 1177 2313 in
1206 2289 1383 2321 errorem,
1410 2285 1570 2323 tempore
1596 2279 1663 2312 dc-

194 2331 274 2366 lere
300 2329 456 2373 habitum
482 2329 574 2365 haud
602 2330 677 2363 scio
704 2340 748 2363 an
774 2339 950 2374 nunquam
974 2328 1099 2372 possit,
1125 2337 1196 2361 non
1221 2328 1333 2371 magis
1359 2337 1460 2372 quam
1488 2327 1663 2360 interdum

193 2377 350 2412 habitum
375 2376 516 2422 pul'chri
555 2388 599 2411 ex
626 2378 728 2422 poesi
754 2376 892 2421 pellere
918 2381 1060 2420 potest,
1094 2375 1282 2409 celerrime
1316 2375 1494 2408 decutitur
1519 2385 1559 2407 re
1587 2375 1665 2418 ipsa

196 2426 396 2468 detectum,
446 2435 524 2458 curn
552 2431 679 2459 natura
705 2426 829 2458 redeat
856 2430 890 2457 et
914 2424 1066 2467 recipiat
1100 2422 1271 2456 facillime
1297 2432 1514 2467 germanum.
1567 2427 1602 2455 et
1626 2427 1664 2454 tu

196 2473 336 2519 quidem
363 2472 560 2507 simulando
598 2478 633 2506 te
659 2472 786 2506 afferre
820 2472 1021 2505 testimonia
1058 2472 1225 2515 scripta,v
1245 2471 1370 2503 insane
1396 2469 1558 2514 quidem,
1586 2470 1663 2513 ipse

195 2520 381 2556 stultitiam
406 2525 500 2553 tuam
538 2520 632 2554 ultro
660 2521 819 2564 detegis,
856 2529 947 2564 quae
974 2529 1049 2551 cum
1087 2519 1191 2552 etiam
1224 2519 1259 2550 in
1298 2517 1510 2551 sententiam
1537 2527 1664 2561 vagam

197 2573 233 2602 et
256 2568 398 2612 impiam
427 2574 636 2612 pervertas,
663 2569 730 2600 iam
757 2567 1016 2610 improbitatem
1039 2566 1104 2599 tibi
1125 2566 1303 2609 propriam
1330 2564 1475 2609 publice
1502 2564 1664 2607 exponis.

135 2632 138 2635 ·
195 2625 314 2661 neque
341 2615 434 2648 enim
459 2615 527 2648 iam
555 2615 707 2649 celatum
738 2615 831 2659 quod
858 2615 899 2648 ad
929 2614 1035 2646 animi
1069 2613 1239 2656 mysteria
1264 2613 1391 2646 attinet
1425 2622 1464 2645 se
1491 2612 1665 2646 dormitu-

196 2673 273 2697 rum
306 2668 426 2706 sperat
450 2663 636 2707 pravitatis
668 2661 787 2696 scelus
828 2667 1016 2696 secretum.
1083 2662 1261 2695 emanavit
1301 2660 1393 2693 enim
1421 2664 1456 2692 et
1481 2658 1673 2703 divulgata

199 2715 254 2744 est
280 2710 317 2744 in
343 2709 431 2743 solis
456 2710 574 2744 radios
608 2710 787 2754 simulque
814 2710 848 2743 in
876 2708 1064 2743 ludibrium
1092 2714 1127 2742 et
1152 2707 1418 2742 cavillationem
1445 2706 1573 2740 theatri
1601 2715 1666 2739 co-

196 2757 279 2791 mici
309 2757 547 2802 frequentem,
577 2763 612 2791 et
639 2757 786 2802 gloriam
815 2767 917 2802 quam
943 2757 1084 2801 assequi
1110 2755 1275 2791 studebas
1293 2755 1478 2800 perdidisti
1502 2758 1666 2788 mutatam
