1852 3138
338 153 439 205 414
735 158 1038 204 NICEPHORI
1079 156 1385 202 GREGORAE

179 268 436 311 f·2262·‹5rov
474 262 584 311 εἶναι
627 268 720 325 φῶς
758 264 866 323 ὖπὲρ
905 263 1001 316 τοὺς
1045 264 1245 322 ἀγγέλους
1270 263 1373 321 μέν,
1401 261 1629 322 ὖφειμένον
1657 266 1695 308 δ’
1724 260 1798 308 οὖν

341 335 562 393 ἀπειράκις
597 335 672 391 τῆς
709 332 932 390 μακαρίας.
975 333 1134 388 ἐκείνης
1177 332 1251 375 καὶ
1289 334 1412 383 θειας
1439 330 1608 384 odola:-
1666 333 1799 376 πόθεν

341 403 387 444 δὲ
424 402 497 444 καί
536 402 662 445 ποίαν
698 399 865 456 εἰλήφει
909 399 984 455 τὴν
1023 398 1243 456 πρόφασιν
1285 400 1330 442 ἐκ
1357 397 1432 442 τοῦ
1459 400 1626 443 τοιοῦδε
1656 397 1798 458 φωτὸς

339 470 501 523 πλῆθος
547 469 791 524 εἰσενεγκεῖν
834 466 1045 522 θεοτήτων
1089 465 1293 509 ἇκτίστων
1329 466 1403 509 καὶ
1451 458 1682 518 ἄνουσίων,
1724 467 1799 522 τῆς

339 535 462 585 θείας
491 534 641 585 οὐσίας
671 534 891 591 διαφόρων
920 533 1053 590 πάντῃ
1086 533 1159 577 καὶ
1180 528 1442 590 ἑτερογενῶν.
1499 531 1581 591 ἐγοὸ
1607 542 1694 591 γὰρ
1723 531 1797 575 οὐκ

341 596 418 643 οἷδ’
453 599 654 657 ὁπότερον
683 599 846 656 εἴποιμι
881 597 960 643 ἄν·
1019 597 1047 655 ἢ
1075 617 1156 658 γαρ
1188 599 1261 642 οὐκ
1293 600 1444 657 ἀκήκοε
1464 600 1700 658 διαρρήδην
1724 601 1800 655 τῆς

342 666 463 723 ἁγίας
491 668 611 723 ἕκτης
653 667 727 709 καὶ
757 668 1050 722 οἷκουμενικῆς
1083 667 1265 710 συνόδου
1292 666 1459 724 βοώσης
1483 665 1538 710 τὰ
1564 667 1744 718 ἐναντία,
1771 663 1799 720 ἢ

342 733 523 784 ἀκούσας
553 732 627 775 οὐκ
659 730 830 790 ᾔσθετο,
857 731 885 789 ἢ
917 733 1175 788 αἰσθόμενος
1207 733 1370 791 ἀπῳδόν
1395 748 1440 776 τε
1459 732 1597 790 ἔκρινε
1615 732 1689 775 καὶ
1715 749 1799 788 μη-

341 801 491 855 δεμιᾶς
530 798 642 850 τινὸς
673 798 782 850 δ’λως
814 801 935 851 αξιάν
977 802 1202 857 φροντίδος
1247 800 1437 857 εὐλόγου.
1511 799 1622 857 φασὶ
1647 798 1729 857 γὰρ
1761 798 1799 841 οἱ

338 865 410 921 τήν
440 867 563 909 θείαν
601 866 761 922 ἐκείνην
802 867 980 910 σύνοδον
1009 867 1367 924 συγκροτήσαντες
1395 868 1508 909 θεῖοι
1536 865 1715 923 πατέρες
1743 863 1817 916 ὦς’

338 932 461 988 ἡμεῖς
490 930 583 976 οὔτε
609 937 722 990 τρεῖς
748 932 864 983 τινὰς
907 934 1034 984 θεοὺς
1064 933 1331 989 ἐπιστάμεθα
1360 930 1457 975 οὗθ’
1487 930 1596 983 ὅλως
1624 931 1802 983 πολλοὺς

339 998 464 1051 θεοὺς
492 998 520 1055 ἢ
551 1000 699 1057 φύσεις
728 996 755 1055 ἢ
788 999 935 1050 οὖσίας
965 999 993 1055 ἢ
1025 1000 1230 1056 θεότητας
1258 1000 1444 1057 ἔγνωμεν
1473 1017 1500 1055 η
1527 999 1803 1057 γινώσκοντας

342 1065 540 1121 οἴδαμεν,
584 1063 691 1108 ἀλλὰ
728 1067 801 1108 καί
841 1066 913 1109 τὸν
951 1065 1102 1119 ἔχοντα
1147 1064 1441 1124 ἢφρονοῢντα
1481 1062 1515 1121 ἢ
1547 1064 1802 1122 γινώσκοντα

251 1146 322 1179 21
340 1138 426 1183 τοῖς
478 1132 721 1187 άναθὲμασι
767 1133 991 1187 βάλλομεν.
1076 1133 1237 1183 τούτοις
1292 1131 1319 1188 ἦ
1351 1131 1590 1188 Παλαμική
1642 1133 1804 1190 φατρία

341 1200 475 1255 ἐκείνη
512 1199 677 1241 τοιάνδε
710 1198 805 1242 τινὰ
837 1198 912 1255 τὴν
945 1200 1166 1243 ἀντίθεσιν
1196 1201 1475 1256 ἐπεισήνεγκε.
1531 1197 1604 1242 τὸν
1627 1199 1706 1254 μὲν
1731 1192 1816 1254 τῆς

341 1267 461 1322 ἐ’κτης
490 1266 670 1308 συνόδου
698 1267 844 1308 τοῦτον
876 1265 1222 1322 οἷναθεματισμὸν
1253 1265 1508 1323 ὑπερθετέον
1537 1268 1580 1309 ἐν
1615 1267 1678 1323 τῷ
1695 1281 1806 1322 παρ-

343 1333 440 1374 όντι.
519 1333 588 1373 δεῖ
623 1330 705 1388 γὰρ
741 1331 1057 1388 ἀποκρίνασθαι
1099 1330 1156 1382 ὥς
1186 1332 1260 1374 οὐκ
1293 1330 1441 1389 ἄλογός
1473 1349 1543 1382 τις,
1575 1331 1679 1388 ἡμῖν
1718 1332 1807 1387 ἔγε-

342 1399 456 1454 γόνει
489 1398 707 1455 πρόφασις
752 1398 860 1455 πρὸς
903 1399 1103 1456 δευτέρας
1141 1399 1338 1455 θεότητος
1366 1399 1527 1443 ἔννοιάν
1562 1414 1607 1442 τε
1634 1399 1709 1442 καὶ
1737 1398 1807 1441 πί-

344 1482 444 1516 στιν,
477 1463 584 1507 οἷλλὰ
614 1465 687 1508 καὶ
716 1466 835 1519 μάλα
862 1482 904 1508 τι
947 1463 1142 1522 εὔλογος·
1204 1466 1368 1517 δείξασι
1404 1465 1487 1524 γὰρ
1512 1465 1614 1522 ἡμῖν
1626 1464 1700 1521 τὴν
1725 1467 1809 1508 τῶν

344 1533 475 1575 θείων
502 1534 682 1589 γραφῶν
715 1532 896 1587 δύναμιν
928 1531 1029 1575 ὅθεν
1056 1532 1158 1588 ἡμῖν
1186 1532 1214 1588 ἦ
1242 1532 1485 1590 πρόφασις,
1526 1533 1702 1576 αὐτόθεν
1733 1530 1842 1587 αὖ-ἳ

342 1599 531 1653 τομάτως
560 1600 725 1649 πάντως
753 1595 931 1656 ἑκάτερα
965 1600 1134 1654 ἕψεται,
1164 1602 1239 1655 τῆς
1268 1615 1312 1642 τε
1340 1601 1548 1654 μέμψεως
1576 1598 1604 1655 ἦ
1637 1599 1810 1656 οἷπόφα·

344 1682 410 1716 σις
437 1667 510 1708 καὶ
541 1665 629 1721 ἅμα
660 1664 688 1721 ἦ
720 1668 794 1708 τοῦ
830 1667 1179 1722 οἷναθεματισμοῦ
1208 1666 1487 1722 ἀναχώρησις.
1545 1665 1593 1708 οὗ
1620 1665 1701 1723 γὰρ
1735 1663 1810 1707 ἄλ-

343 1735 469 1775 λοθεν
502 1732 590 1775 ἀλλ’
620 1730 648 1788 ἢ
685 1734 729 1775 ἐκ
757 1735 832 1775 τοῦ
861 1735 904 1775 ἐν
931 1733 1145 1791 Θαβωρίῳ
1170 1733 1301 1776 πάλαι
1327 1734 1390 1790 τῷ
1419 1730 1510 1790 ὄρει
1537 1733 1636 1790 περὶ
1662 1731 1709 1775 τό
1737 1733 1812 1774 τοῦ

343 1905 565 1950 superiorem
603 1904 666 1940 sed
708 1903 819 1938 multo
854 1904 1061 1938 inferiorem
1091 1904 1308 1938 heatitudine
1334 1904 1400 1939 ina
1432 1910 1468 1939 et
1498 1905 1618 1940 divina
1643 1905 1810 1940 essentia.
1851 1909 1852 1912 ’

344 1949 484 1995 deinde,
517 1953 623 1994 unde,
655 1957 690 1985 et
718 1951 857 1997 qualem
883 1956 1102 1996 praetextum
1127 1949 1289 1986 habuerit
1312 1963 1331 1986 e
1355 1951 1437 1986 luce
1462 1950 1528 1986 illa
1551 1951 1810 1987 multitudinem

347 2000 525 2034 deducere
570 2000 735 2034 deitatum
772 2000 1005 2033 increatarum
1043 2004 1079 2032 et
1108 1998 1387 2034 inessentialium
1420 2009 1510 2044 qnae
1546 2010 1566 2034 a
1598 2000 1717 2034 divina
1749 2010 1810 2035 es..

353 2048 469 2082 sentia
503 2057 648 2091 prorsus
682 2047 822 2080 diversa
857 2051 937 2080 sunt
977 2051 1011 2080 et
1045 2045 1134 2080 alius
1174 2047 1329 2091 generis.
1392 2046 1553 2092 equidem
1578 2057 1663 2081 sane
1688 2047 1811 2082 dicere

347 2094 487 2129 nescio.
537 2099 694 2127 autnon
728 2094 865 2128 audivit
896 2092 960 2126 ille
997 2103 1088 2138 quae
1113 2099 1233 2127 sancta
1265 2099 1364 2128 sexta
1404 2094 1633 2129 oecumenica
1656 2094 1811 2138 synodus

348 2141 526 2175 contraria
562 2141 657 2175 clara
696 2151 787 2175 voce
814 2140 1027 2175 exclamavit
1059 2146 1118 2174 aut
1154 2141 1290 2175 audivit
1322 2141 1382 2175 sed
1423 2151 1495 2176 non
1534 2141 1718 2185 concepit,
1751 2145 1812 2176 ant

348 2189 515 2232 concepit
539 2189 600 2223 sed
644 2188 786 2223 dissona
825 2199 905 2222 esse
935 2188 1107 2222 iudicavit
1142 2193 1178 2222 et
1209 2198 1299 2233 quae
1329 2187 1429 2222 nulla
1452 2189 1594 2222 omnino
1620 2188 1726 2233 digna
1749 2198 1811 2222 es..

346 2241 425 2271 sent
465 2236 706 2279 reputatione.
766 2235 887 2269 dicunt
931 2236 1021 2268 enim
1064 2235 1123 2279 qui
1172 2241 1324 2270 sanctam
1364 2234 1461 2268 illam
1503 2235 1674 2279 synodum
1719 2245 1810 2270 con-

345 2288 543 2328 gregat-unt
581 2283 694 2317 sancti
732 2288 880 2327 patres:
925 2287 1011 2316 “nos
1046 2293 1164 2327 neque
1202 2288 1275 2317 tres
1311 2283 1476 2327 quosdam
1520 2283 1607 2318 deos
1645 2283 1810 2317 novimus

342 2341 462 2375 neque
500 2329 622 2374 plures
657 2330 743 2363 deos
776 2329 835 2363 vel
874 2335 1016 2364 naturas
1051 2330 1112 2363 vel
1149 2329 1319 2364 essentias
1356 2329 1416 2364 vel
1453 2329 1602 2364 deitates
1639 2330 1810 2375 agnosci..

343 2388 445 2420 mus,
478 2388 596 2422 neque
649 2387 710 2411 eos
744 2378 803 2421 qui
837 2378 889 2412 sic
925 2378 1084 2422 cogitant
1124 2377 1367 2422 agnoscimus3
1413 2377 1474 2411 sed
1513 2388 1590 2411 eum
1625 2378 1683 2422 qui
1721 2377 1810 2411 haec

343 2424 526 2469 intelligat
557 2428 617 2458 aut
658 2425 792 2468 cogitet
829 2429 889 2458 aut
921 2430 1092 2468 agnoscat
1122 2424 1344 2459 anathemate
1382 2424 1622 2458 damnamus.”
1681 2424 1808 2468 quibus

343 2471 588 2506 Palamitarum
630 2471 798 2507 sodalitas
851 2473 1017 2515 opposuit
1055 2471 1217 2518 ‘haeccez
1266 2475 1410 2505 “sextae
1455 2472 1580 2515 synodi
1623 2470 1809 2505 anathema

344 2519 434 2553 illud
468 2520 505 2552 in
539 2518 739 2552 huiusmodi
773 2519 880 2552 rebus
916 2519 1006 2552 nihil
1052 2519 1159 2553 valet.
1223 2528 1302 2552 nam
1344 2517 1432 2552 licet
1465 2518 1710 2563 respondere,
1741 2527 1809 2552 nos

345 2576 417 2600 non
449 2567 527 2600 sine
552 2566 691 2600 ratione
721 2564 1059 2602 alteram'deitatem
1084 2575 1279 2611 agnoscere
1317 2569 1353 2598 et
1378 2566 1524 2599 credere
1559 2565 1621 2600 sed
1645 2565 1807 2609 profecto

345 2614 484 2647 ratione
514 2623 611 2648 sana.
646 2614 713 2646 iam
742 2613 774 2646 si
803 2623 868 2647 nos
894 2613 959 2646 niti
985 2613 1341 2647 demonstraverimus
1370 2622 1492 2647 sacrae
1516 2613 1714 2656 scripturae
1737 2622 1806 2646 au·-

346 2660 511 2694 ctoritate
537 2661 619 2695 hinc
644 2666 830 2704 utrumque
855 2670 920 2704 per
945 2671 984 2694 se
1011 2661 1158 2702 evadet,
1198 2660 1234 2693 in
1267 2669 1333 2693 nos
1366 2670 1484 2704 neque
1510 2659 1808 2704 vituperationem

344 2707 452 2740 ullam
477 2717 595 2752 neque
621 2707 807 2743 anathema
835 2708 963 2741 cadere
988 2717 1106 2751 posse.
1155 2717 1273 2752 neque
1299 2706 1334 2740 id
1362 2707 1504 2741 aliunde
1530 2707 1808 2741 demonstramus

344 2764 447 2802 quam
474 2765 493 2789 e
518 2755 600 2791 luce
626 2765 717 2802 quae
742 2756 779 2789 in
806 2760 925 2790 monte
942 2754 1092 2790 Thabori
1118 2754 1203 2789 olim
1229 2754 1359 2789 circum
1381 2754 1512 2789 domini
1540 2761 1669 2800 corpus
1695 2761 1808 2801 uppa-
