1826 3120
265 155 364 207 244
675 163 971 209 NicEPflom
992 184 994 186 -
1018 164 1323 208 GREGORAE

265 273 468 324 πλοῦτος,
513 269 711 322 καθάπαξ
742 268 853 320 ἅπας
882 271 1122 326 συλλήβδην
1164 272 1295 314 εἰπεῖν
1339 270 1550 326 ἀγώγιμος
1574 272 1724 328 σφίσιν

265 339 404 380 εἵπετο
431 337 503 379 καὶ
531 335 674 391 αυ’τός,
704 337 1008 392 Παλαιολόγου
1039 339 1113 379 τοῦ
1139 340 1349 391 βασιλέως
1392 336 1584 388 ἐνδόντος
1613 339 1733 386 αἰδοῖ

266 404 341 446 τοῦ
367 404 531 458 κη’δους.
865 406 868 410 ’

178 479 249 513 81
397 470 520 514 Ἀλλὰ
564 471 724 513 λεκτέον
754 469 855 525 ἡμῖν
894 472 938 512 ἑν
960 474 1122 526 βραχεῖ
1140 474 1213 514 καί
1251 467 1329 514 ὅσα
1358 473 1584 526 τηνικαῦτα
1612 487 1727 525 συμ-

72 538 82 543 ’
108 522 251 559 “¹25¹'‘
266 539 456 579 πέπτωκε
484 535 728 594 πατριάρχῃ
756 539 947 596 Φιλοθέῳ
977 541 1033 595 τῷ
1066 539 1371 596 ἐπικεκλημὲνῳ
1401 539 1613 597 Κοκκίνῳ·
1642 538 1760 594 χρὴῦ

139 611 142 615 “
264 602 345 658 γὰρ
370 605 557 646 ἐνταῦθα
585 602 737 657 μικρὸν
767 602 1062 656 ἀναδραμόντα
1093 606 1147 662 τῷ
1167 603 1273 662 λόγῳ
1304 607 1440 656 δεῖξαι
1469 600 1532 655 οἷς
1561 605 1728 653 α’κούειν

266 669 411 726 ἔφεσις
440 669 508 711 οἱά
554 671 625 711 καί
662 668 793 728 τούτῳ
836 671 989 712 θεόθεν
1022 673 1067 713 ἐκ
1098 672 1175 713 τοῦ
1206 670 1361 726 σχεδόν
1395 674 1596 728 ἐνέσκηψε
1626 689 1728 714 παι-

267 739 357 781 δεία
395 737 499 790 πρός
547 735 718 792 ἔλεγχον
755 740 830 791 τῆς
870 738 1048 792 α’και’ρου
1093 740 1164 780 καί
1206 740 1426 795 σφαλερᾶς
1469 738 1726 794 καυχήσεως.

267 802 366 857 ,ἔσχε
398 802 477 858 γὰρ
512 803 680 846 οὑτωσί.
740 805 900 859 ἐγένετο
930 803 1034 846 κατὰ
1065 804 1141 860 την
1170 803 1299 861 μονήν
1341 803 1369 860 ἢ
1397 806 1475 848 τοῦ
1507 806 1730 859 Κραταιοῦ

253 871 548 925 ἐπικέκληται,
577 874 776 923 λείψανον
804 869 919 926 ἱερόν
947 873 992 913 ἐκ
1009 874 1197 927 κεφαλῆς
1218 868 1323 928 ἄχρι
1353 874 1494 914 ποδιὸν
1524 873 1729 921 α’νενδεῶς
1744 883 1786 918 10

219 988 222 991 v
268 939 352 979 τῶν
381 938 522 989 μελῶν
553 934 744 979 ἁπάντων
780 935 877 990 ἔχον
907 935 1115 993 εὑρῆσθαι
1153 937 1259 994 πρός
1297 941 1377 981 τῶν
1405 941 1497 982 ε’κεῖ
1517 939 1730 992 μοναζου-

269 1006 354 1046 σῶν
382 1006 604 1058 γυναικῶν.
672 1004 769 1059 περὶ
801 999 852 1046 οὗ
883 1005 954 1046 καί
976 1003 1106 1059 πολλή
1138 1021 1200 1054 τις
1243 1001 1405 1060 ἤκμασε
1434 1008 1537 1055 τέως
1566 1001 1730 1060 ὑπόλη-

269 1081 345 1124 ψις
375 1077 460 1120 τοῖς
490 1076 671 1124 πολλοῖς,
700 1070 906 1125 Ἀνδρέου
936 1074 1009 1114 τοῦ
1040 1070 1213 1128 Κρήτης
1243 1068 1365 1126 εἶναι,
1395 1070 1441 1122 ὃς
1468 1069 1544 1114 ου’κ
1575 1072 1730 1127 ὀλίγοις

273 1135 347 1192 την
378 1138 596 1192 ἐκκλησίαν
624 1137 852 1194 ἐκόσμησεν
884 1137 1013 1191 ἱεροῖς
1039 1141 1199 1190 μέλεσι.
1275 1144 1397 1182 τοῦτο
1426 1138 1507 1194 γὰρ
1538 1137 1730 1195 κατορώ-

270 1221 417 1258 ρυκται
446 1206 524 1257 μὲν
553 1206 607 1260 τῷ
639 1202 789 1260 ἐδάφει
818 1205 891 1247 τοῦ
918 1208 1036 1247 θειόυ
1078 1204 1236 1247 ἐκείνου
1265 1204 1367 1259 νεώ,
1396 1201 1445 1262 ἦν
1479 1207 1516 1247 δ’
1545 1205 1732 1262 α’φανείᾳ
1746 1215 1788 1250 15

272 1273 588 1323 κεκαλυμμένον
617 1272 662 1312 ἐκ
693 1274 881 1313 παλαιοῦ
908 1270 980 1313 καί
1007 1273 1153 1314 ου’δενί
1175 1290 1239 1322 noo
1277 1271 1487 1328 γνώριμον
1527 1267 1630 1327 ἄχρι
1657 1274 1731 1326 τῆς

183 1338 355 1383 εβτῶν
388 1339 461 1378 νῦν
486 1340 693 1391 χρονικῶν
721 1337 929 1392 περιόδων
961 1339 1135 1393 ἡλικίας.
1169 1335 1268 1395 ἄρτι
1300 1342 1339 1381 δ’
1369 1339 1445 1381 οὔκ
1475 1335 1552 1381 οἶδ’
1583 1335 1734 1380 ‹indn-

273 1419 346 1458 ρον
376 1404 435 1452 εἷς
457 1404 697 1459 τούμφανὲς
725 1403 937 1460 ἐληλύθει,
967 1404 1040 1447 εἴτ’
1069 1408 1111 1456 ἐξ
1128 1406 1347 1455 ἐπιπνοίας
1369 1405 1480 1461 τινός
1499 1407 1730 1459 θειοτέρας,

274 1470 354 1512 εἴτε
383 1469 493 1519 τινός
522 1474 670 1523 χρειάς
703 1469 903 1526 ἐνστάσης
935 1470 1127 1525 ὀρύττειν
1158 1473 1305 1526 ἐκεῖσε,
1338 1471 1412 1515 εἴτ’
1445 1475 1521 1514 οὐκ
1551 1463 1630 1515 οἷδ’
1662 1466 1734 1513 ὅν-

271 1554 362 1579 τινα
387 1535 541 1591 τρόπον
570 1535 720 1591 ἕτερον.
780 1538 832 1579 ου’
856 1538 938 1594 γὰρ
970 1534 1120 1592 ὄψεσιν
1159 1541 1309 1590 αὐτοῖς
1336 1556 1408 1593 μοι
1435 1541 1634 1595 τετύχηκε
1663 1554 1791 1595 76-20

273 1607 432 1662 νομένῳ
463 1603 570 1645 κατὰ
612 1603 684 1646 τόν
724 1604 850 1648 τόπον
878 1604 1135 1660 θεάσασθαι,
1164 1607 1242 1648 τοῦ
1279 1610 1505 1663 τηνικαῦτα
1545 1608 1734 1662 διωγμοῦ

275 1672 348 1712 καί
377 1673 450 1713 τοῦ
477 1672 548 1726 τῆς
581 1673 800 1727 ἐκκλησίας
826 1675 1034 1726 χειμῶνος
1071 1675 1228 1717 ἐκείνου
1248 1672 1324 1724 τοὶς
1355 1673 1460 1729 ἑμάς
1491 1673 1731 1729 ἐγκλείσαν-

273 1753 342 1787 τος
370 1732 523 1794 θύρας,
550 1738 606 1787 ὥς
635 1740 736 1794 μηδ’
762 1740 834 1781 ἐπὶ
859 1737 1002 1794 βραχύ
1024 1742 1126 1794 γοῦν
1144 1741 1203 1790 εἰς
1232 1739 1457 1798 ἐλεύθερον
1480 1742 1733 1797 προκύπτειν

278 1939 314 1973 in
340 1939 442 1984 regio
480 1938 611 1973 horreo
641 1938 819 1974 collectae
860 1945 959 1974 erant
994 1940 1140 1975 divitiae
1175 1951 1296 1977 omnes
1337 1943 1479 1976 omnino
1513 1947 1733 1988 cunctaeque

281 1996 343 2021 eos
370 1986 495 2021 faciles
516 1992 656 2030 portatu
682 1987 920 2032 sequebantur
947 1993 982 2021 et
1007 1989 1117 2033 ipsae.

410 2049 478 2084 Sed
504 2050 664 2084 breviter
689 2051 836 2085 dicenda
862 2057 955 2094 sunt,
982 2063 1073 2096 quae
1099 2054 1325 2097 contigerunt
1351 2063 1393 2087 eo
1418 2059 1577 2097 tempore
1607 2053 1732 2088 Philo..

277 2097 362 2131 theo
389 2098 625 2141 patriarchae,
653 2099 709 2131 cui
735 2100 895 2132 coccinei
923 2109 1118 2144 cognomen
1145 2105 1230 2133 erat.
1263 2106 1316 2134 est
1339 2105 1455 2134 autem
1481 2101 1595 2134 oratio
1625 2101 1732 2144 paulo

279 2145 383 2178 altius
414 2145 606 2188 repetenda
626 2146 681 2187 iis,
709 2146 835 2190 quibus
854 2146 1018 2179 audiendi
1043 2147 1255 2181 desiderium
1275 2153 1340 2189 est,
1370 2158 1460 2192 quae
1475 2148 1650 2181 institutio
1675 2149 1733 2181 di..

278 2194 362 2226 vina
388 2202 473 2225 casu
505 2193 541 2225 in
569 2203 646 2225 eum
680 2194 823 2226 irruerit
856 2194 897 2227 ad
935 2194 1212 2228 dedecorandam
1245 2195 1398 2237 ineptam
1435 2194 1734 2239 vacillantemque

281 2240 565 2274 ostentationem.
631 2250 688 2273 res
724 2246 799 2274 erat
825 2240 932 2277 haec:
969 2241 1098 2274 accidit
1131 2242 1167 2275 in
1191 2242 1430 2284 monasterio,
1472 2243 1566 2286 quod
1595 2242 1733 2277 Crataei

280 2287 420 2328 dicitur,
447 2292 485 2320 ut
510 2297 647 2326 sacrum
673 2288 903 2331 fragmentum
929 2298 949 2321 a
976 2289 1091 2331 capite
1116 2299 1228 2333 usque
1265 2288 1307 2322 ad
1332 2289 1440 2332 pedes
1467 2289 1603 2332 copiam
1629 2289 1734 2323 exhi-

279 2334 367 2367 bens
392 2334 608 2367 canticorum
636 2336 788 2368 omnium
804 2335 1025 2369 inveniretur
1050 2346 1071 2368 a
1095 2335 1315 2377 mulieribus,
1340 2346 1431 2380 quae
1455 2336 1503 2369 ibi
1533 2341 1632 2369 erant
1655 2346 1735 2369 mo-

278 2380 444 2415 nialibus.
495 2382 539 2414 de
564 2392 631 2426 qua
664 2393 702 2414 re
743 2392 869 2426 magna
894 2382 1061 2427 quaedam
1096 2383 1188 2415 inter
1212 2382 1340 2427 vulgus
1369 2382 1529 2426 pollebat
1563 2384 1734 2427 suspicio,

282 2439 325 2461 ex
352 2439 420 2472 qua
445 2429 487 2462 ad
512 2429 690 2463 Andreum
718 2429 844 2464 Cretae
885 2435 984 2463 erant
1008 2429 1072 2463 illa
1096 2429 1302 2471 referenda,
1346 2431 1406 2474 qui
1430 2440 1501 2463 non
1526 2432 1649 2474 paucis
1675 2440 1736 2463 sa..

284 2476 353 2509 cris
381 2477 529 2509 canticis
557 2475 745 2509 ecclesiam
772 2477 923 2511 ornavit.
950 2476 1018 2510 hoe
1043 2476 1215 2510 infossum
1243 2481 1295 2510 est
1318 2476 1353 2509 in
1383 2477 1490 2510 fundo
1516 2478 1607 2511 sacri
1637 2477 1735 2511 illius

281 2522 416 2566 templi.
467 2529 544 2557 erat
568 2523 725 2557 tenebris
750 2524 947 2557 involutum
985 2534 1029 2557 ex
1054 2523 1162 2568 longo
1195 2528 1355 2567 tempore
1386 2525 1590 2569 neminique
1614 2529 1735 2558 notum

285 2580 397 2614 usque
422 2570 464 2603 ad
487 2571 727 2614 praesentium
751 2575 945 2614 temporum
974 2576 1136 2604 aetatem.
1183 2572 1306 2604 nescio
1340 2576 1470 2614 autem,
1496 2572 1669 2615 quomodo
1695 2570 1738 2603 ad

283 2616 399 2650 lucem
430 2623 646 2660 protractum
673 2618 739 2659 sit,
765 2623 878 2651 utrum
905 2618 1079 2661 sapientia
1115 2617 1260 2662 quadam
1289 2618 1407 2652 divina
1440 2629 1484 2652 an
1512 2629 1556 2652 ex
1577 2619 1740 2652 necessi-

284 2669 358 2697 tate
387 2663 436 2696 ibi
463 2665 632 2706 fodiendi,
659 2675 702 2698 an
729 2666 852 2698 nescio
879 2674 947 2709 quo
972 2665 1043 2698 alio
1069 2665 1184 2698 modo.
1242 2674 1312 2698 nou
1350 2666 1442 2698 enim
1467 2665 1553 2699 mihi
1579 2665 1739 2709 contigit,

286 2716 324 2743 ut
350 2712 438 2745 meis
460 2712 570 2754 ipsius
597 2711 713 2745 oculis
739 2711 855 2745 locum
881 2711 1132 2756 perlustrarem
1158 2713 1408 2755 persecutione
1423 2723 1514 2757 quae
1538 2717 1609 2746 tum
1635 2713 1741 2746 fiebat

285 2762 319 2792 et
344 2758 520 2796 ecclesiae
547 2764 755 2807 tempestate
781 2759 846 2796 illa
867 2769 963 2796 meaa
996 2759 1182 2796 claudente
1207 2764 1326 2806 portas
1344 2772 1346 2775 ·
1361 2761 1410 2796 ita
1434 2765 1472 2796 ut
1493 2770 1540 2796 ne
1569 2760 1605 2796 in
1628 2759 1740 2796 breve
