1800 3132
359 123 655 171 msromffl
695 121 1038 166 BYzANTlNAE
1057 123 1183 202 xilv.
1211 111 1299 167 16.
1332 111 1420 167 17.
1542 110 1604 164 41

110 237 290 295 ’μύκαι
315 236 390 291 τῆς
422 234 552 290 νήσου
583 233 728 287 κώμας
757 233 830 275 καί
860 235 1069 280 πολιτείας
1099 233 1172 273 καί
1210 229 1350 280 πόλεις
1378 232 1608 308 γεγένηται.

106 301 214 363 ῆὲμι
237 305 316 356 μὲν
346 300 398 359 δή
439 318 508 344 και
542 300 736 356 ἐθεώμην
762 300 806 343 τὸ
855 302 937 342 πᾶν
967 302 1060 343 ε’κεΐ
1082 302 1202 354 γένος
1235 301 1308 353 τῆς
1338 298 1482 354 νήσου,
1503 296 1613 339 Ῥω-

98 370 290 434 glatiem,-
323 384 468 422 οντας,
511 368 637 426 ὀλίγῳ
683 370 766 411 δέω
807 370 963 422 λέγειν,
1008 367 1082 409 καί
1123 365 1199 421 τήν
1229 367 1301 421 τῆς
1332 364 1512 420 πατρίου
1541 365 1614 406 πί-

105 427 270 501 stunc
309 436 531 490 ευσέβειαν
555 438 736 488 βεβαίαν
775 438 819 478 ἐκ
846 436 1052 489 διαδοχῆς
1081 434 1151 476 οἴει
1186 434 1484 489 κεκτημένους·
1544 429 1617 472 κατ’

119 508 149 548 's
183 520 214 546 ι
239 505 482 562 βουλομένῳ
502 518 549 557 γε
577 498 630 557 ἦν
650 504 820 545 πλειονα
835 499 991 556 χρόνον
1009 503 1100 544 ἐκεῖ
1122 500 1441 556 διατετριφέναι
1468 501 1614 541 πλείο-

102 566 207 629 1¹¹²an
248 570 366 615 ἕνεκα
398 571 438 613 ¹¹,
458 572 533 613 καί
548 572 826 622 ’τελειοτέρας
869 572 954 611 τῶν
990 571 1082 611 ἐκεῖ
1116 567 1379 623 πραγμάτων
1410 564 1611 622 ἱστορίας.
1628 578 1654 614 f,
1682 575 1798 616 104h.

94 636 230 692 §dar
259 637 463 696 ,α’νεσόβει
503 653 578 691 μοι
619 635 694 691 τήν
740 637 946 692 βούλησιν
986 635 1009 676 ὅ
1054 637 1283 693 τηνικαῦτα
1321 633 1613 687 μελετωμενος

105 692 333 763 ἱ,ΙῇοἿρυβος
366 707 452 748 ταῖν
473 719 517 747 τε
548 701 686 746 ὅπλων
716 703 788 745 καί
816 705 900 744 τῶν
933 704 1026 745 ἐκεῖ
1038 705 1350 758 στρατιωτικῶν
1381 701 1616 754 δυνάμεων.

94 763 194 832 ‘fija
218 769 301 828 γιὶρ
345 771 370 827 ἦ
402 773 527 826 νῆσος
568 772 614 813 ἐκ
654 771 815 812 πολλοῦ
861 775 1106 826 συμφοραῖς
1137 769 1449 824 ἑντετυχηκυῖα,
1476 768 1531 810 δι’
1563 763 1615 818 ἃς

68 835 389 893 ’Λατινικοῖς
418 835 562 887 ὅπλοις
591 836 862 880 δουλεύσασα
895 838 950 895 τῷ
976 839 1048 892 τῆς
1079 838 1283 885 Βενετιάς
1315 833 1506 889 ὖπὲκυψε
1535 836 1615 890 δη-

26 911 27 914 ’
82 907 272 967 -μοσίφ
302 905 608 963 προστάγματι.
669 902 766 960 ἄρτι
796 907 938 947 τοίνυν
968 903 1113 962 φήμης
1141 906 1339 958 χεθείσης
1370 904 1442 945 s'm'
1474 903 1615 945 πᾶσαν

22 1005 24 1009 -
139 970 315 1034 ἧττειρόν
339 989 387 1016 τε
415 974 492 1016 καί
511 975 637 1027 νῆσον
670 972 728 1022 ὥς
758 970 796 1015 οἱ
819 970 863 1015 τὸ
884 971 1206 1025 Γαλατώνυμον
1235 972 1448 1019 οἰκοῦντες
1478 969 1614 1026 φρού-

120 1043 230 1100 ριον
259 1041 546 1096 ἀστυγείτονες
577 1041 617 1083 Γ
615 1045 841 1093 εννουῖται,
873 1038 1302 1094 παρασπονδήσαντές
1330 1052 1373 1079 τε
1406 1038 1480 1078 καί
1506 1039 1616 1078 ἑπα-

71 1119 89 1167 ’μ
112 1104 116 1106 ⁷
139 1107 366 1158 ναστοῖντες
393 1113 479 1163 τοῖς
497 1106 764 1160 Βυζαντίοις,
783 1109 897 1164 σφᾶς
912 1122 956 1150 τε
987 1106 1343 1160 ναυμαχήσαντες
1372 1102 1613 1159 νενικήκασι

24 1188 25 1192 ’
137 1179 210 1221 και·
237 1172 329 1230 ἅμα
359 1173 579 1231 θαλάσσης
612 1172 710 1230 ὅλης
742 1175 968 1229 ἡγεμονίαν
998 1173 1354 1228 ω’νειροπὸλησαν,
1383 1171 1439 1220 ὥς
1467 1173 1615 1227 μηκέτι

137 1241 243 1300 ’μήτε
282 1241 512 1292 καθεκτοῦς
559 1237 668 1285 εἶναι
707 1241 815 1297 μήτε
853 1243 938 1295 μὴν
982 1238 1074 1283 οὐδ’
1114 1237 1348 1295 ὁμοφύλοις
1382 1236 1445 1281 ἔτι
1474 1240 1616 1292 μένειν

28 1307 30 1309 ’
82 1322 91 1326 ”
139 1309 395 1360 ἐνσπόνδους
425 1311 610 1362 ἐθέλειν,
652 1307 759 1352 α’λλὰ
801 1306 990 1364 σκληρὰν
1030 1307 1104 1349 καί
1141 1302 1228 1350 οἷον
1258 1309 1390 1349 εἰπεῖν
1417 1302 1617 1361 ἡγεμονι-

139 1375 216 1433 κήν
243 1375 321 1432 τήν
366 1374 507 1434 ὅφρύν
545 1374 652 1419 κατὰ
685 1375 854 1418 πάντων
897 1370 991 1417 ὅσοι
1029 1373 1261 1416 θαλάττιον
1289 1375 1495 1427 βόσκουσι
1525 1371 1617 1425 βίον

140 1445 526 1498 §navandum-9021,
557 1445 834 1499 ταραχθῆναί
867 1459 914 1485 τε
946 1439 1021 1484 οὖν
1052 1439 1234 1499 πολλοὺς
1274 1438 1344 1483 διὰ
1378 1440 1513 1483 ταῦτα
1544 1440 1619 1481 καί

22 1510 311 1574 31207113201001!
338 1501 526 1566 μάλιστα
556 1507 821 1564 Βενετικοός,
850 1509 1040 1565 μεγάλας
1069 1511 1148 1562 μὲν
1180 1508 1403 1562 ἐξαρτύειν
1434 1509 1479 1549 ἐν
1505 1510 1618 1563 βρα-

34 1573 58 1591 ⁴³
138 1584 215 1636 χεῖ
237 1577 437 1628 ναυτικὰς
468 1579 733 1632 δυναμένους
760 1578 987 1631 δυνάμεις,
1013 1580 1122 1631 μέγα
1155 1577 1200 1618 δὲ
1244 1573 1314 1616 διὰ
1350 1576 1473 1617 τοῦτο
1506 1588 1619 1631 φρο-

141 1652 227 1691 νεῖν
255 1644 446 1702 ἔχοντας,
478 1644 624 1689 ἔπειτα
657 1645 773 1701 παρὰ
817 1644 943 1698 δόξαν
982 1642 1053 1686 ὑπ’
1085 1644 1256 1686 ἐκείνων
1287 1638 1368 1699 ἤδη
1398 1643 1619 1696 κωλυομέ-

143 1729 243 1765 νους
268 1716 312 1764 ἐς
350 1712 425 1757 τὸν
468 1708 555 1758 ἄνω
589 1714 721 1757 τόπον
764 1714 838 1756 καί
869 1712 944 1769 τήν
979 1713 1181 1756 Μαιῶτιν
1214 1713 1287 1754 καί
1327 1709 1404 1760 τοὶς
1442 1707 1618 1765 ἐκβολὰς

145 1867 277 1919 vitatos
301 1882 482 1929 urbesque
511 1893 618 1929 quum
643 1884 790 1939 adirem,
818 1887 930 1917 totum
954 1893 1068 1929 genus
1096 1883 1302 1926 hominum,
1338 1883 1432 1928 quod
1464 1881 1617 1916 insulam

143 1929 283 1975 incolit,
1107 1931 1286 1966 Romanos
1313 1941 1393 1965 esse
1420 1936 1455 1965 et
1479 1930 1617 1974 patriae

145 1979 228 2014 ndei
256 1979 424 2024 pietatem
450 1989 470 2013 a
502 1979 695 2014 maioribus
726 1990 845 2027 usque
876 1979 1038 2013 traditam
1071 1983 1276 2013 constanter
1313 1979 1406 2012 tueri
1446 1978 1614 2024 cognovi.

143 2026 231 2061 mihi
255 2026 396 2072 quidem
423 2027 460 2060 in
486 2028 603 2061 animo
632 2033 728 2070 erat,
754 2037 823 2072 quo
851 2027 1059 2072 diligentius
1087 2032 1123 2060 et
1147 2027 1347 2060 accuratius
1383 2026 1524 2060 insulae
1558 2036 1616 2059 res

146 2073 383 2119 explorarem,
409 2073 554 2120 longius
580 2075 630 2108 ibi
655 2079 793 2119 tempus
822 2075 1052 2116 commorari3
1079 2075 1143 2108 sed
1168 2074 1211 2107 ab
1237 2073 1306 2107 hoc
1333 2075 1519 2118 proposito
1549 2073 1617 2107 de..

143 2121 304 2156 turbatus
329 2132 406 2156 sum
430 2132 605 2156 armorum
633 2122 868 2166 militumque,
896 2123 956 2168 qui
983 2127 1054 2155 tum
1081 2122 1129 2155 lbl
1143 2120 1344 2166 parabatur,
1366 2121 1529 2155 tumultu.
1556 2121 1616 2154 in..

145 2168 225 2205 aula
250 2170 344 2203 enim
369 2169 438 2203 iam
465 2171 525 2204 diu
551 2171 587 2203 in
623 2170 843 2204 calamitates
877 2170 1076 2212 inciderat,
1114 2174 1262 2214 propter
1297 2179 1383 2213 quas
1411 2169 1616 2203 Latinorum

145 2217 252 2251 armis
276 2216 422 2251 subacta
440 2217 608 2251 *Venetae
635 2217 858 2261 reipublicae
898 2218 1048 2262 imperio
1083 2228 1122 2251 se
1154 2217 1329 2251 submisit.
1395 2227 1500 2262 quum
1527 2226 1615 2250 vero

143 2264 248 2298 modo
276 2274 384 2309 super
410 2269 519 2299 totam
545 2266 788 2299 continentem
819 2271 854 2298 et
879 2265 1032 2299 insulam
1059 2274 1178 2298 rumor
1204 2264 1386 2308 dispersus
1417 2269 1524 2306 esset,
1543 2263 1617 2298 Ge..

145 2321 315 2354 nucuses,
340 2313 401 2357 qui
428 2313 574 2348 Galatae
599 2318 724 2346 tenent
751 2312 938 2346 castellum
965 2313 1001 2346 in
1027 2312 1123 2346 urbis
1150 2312 1349 2353 vicinitate,
1379 2311 1526 2345 foedere
1552 2322 1617 2344 ru..

104 2369 107 2371 ’
146 2363 209 2404 pto
237 2364 272 2394 et
295 2359 499 2394 rebellione
529 2360 623 2394 sacta
646 2360 842 2404 Byzantios
868 2359 1155 2403 proeliostnavali
1182 2360 1315 2394 vicisse
1344 2364 1379 2392 et
1405 2359 1514 2393 totius
1539 2369 1618 2392 ma-

53 2407 57 2414 ‘
146 2407 196 2441 ris
223 2407 410 2452 imperium
439 2408 643 2450 somniare,
678 2414 716 2442 ut
742 2419 860 2453 neque
887 2408 1050 2441 coerceri
1075 2413 1225 2451 possent
1251 2417 1368 2451 neque
1395 2417 1441 2440 ne
1469 2406 1616 2441 foedere

148 2454 289 2499 quidem
315 2465 392 2488 cum
420 2455 653 2500 popularibus
679 2456 803 2489 iuncto
830 2461 924 2488 starc
941 2454 1092 2496 vellent,
1121 2455 1184 2488 sed
1208 2454 1363 2498 superba
1388 2454 1559 2499 quaedam
1583 2459 1619 2487 et

136 2506 186 2535 *ut
213 2502 263 2536 ita
289 2502 403 2536 dicam
438 2504 668 2547 imperatoria
695 2502 889 2546 supercilia
924 2503 1095 2536 adversus
1134 2511 1256 2535 omnes
1275 2526 1285 2543 ‚
1313 2501 1373 2545 qui
1408 2502 1617 2535 maritimam

147 2554 258 2594 agunt
283 2550 406 2593 vitam,
432 2561 518 2595 prae
545 2561 584 2584 se
611 2551 758 2593 ferrent,
791 2551 858 2584 hac
883 2561 923 2584 rc
952 2555 987 2583 et
1013 2549 1076 2583 alii
1103 2548 1202 2582 multi
1232 2548 1433 2583 conturbati
1472 2554 1553 2583 sunt
1583 2554 1619 2582 et

146 2597 340 2641 praecipue
354 2596 495 2641 Veneti,
523 2599 598 2643 qui,
623 2609 831 2643 quamquam
850 2598 951 2632 brcvi
972 2603 1132 2641 tempore
1157 2607 1303 2642 magnas
1323 2597 1444 2641 copias
1468 2596 1617 2631 navales

131 2652 324 2688 *exornare
350 2650 458 2690 atquc
484 2646 620 2679 idcirco
647 2645 739 2679 haud
767 2646 967 2680 mediocres
995 2645 1062 2679 sibi
1087 2645 1232 2688 spiritus
1260 2655 1400 2678 sumere
1427 2649 1616 2688 poterant,

147 2695 221 2725 tum
241 2695 384 2736 praeter
416 2693 623 2737 opinionem
649 2693 692 2726 ab
720 2693 795 2728 illis
832 2695 900 2727 iam
925 2693 1086 2738 impediti
1115 2697 1235 2735 erant,
1270 2693 1458 2737 quominus
1483 2692 1520 2725 in
1554 2702 1617 2726 su-

146 2739 310 2782 periores
334 2741 506 2787 regiones
534 2746 569 2774 et
593 2740 708 2774 lacum
734 2741 947 2777 Maeotidem
986 2746 1021 2774 et
1054 2740 1097 2774 ad
1133 2741 1226 2775 ostia
1251 2739 1414 2775 Tanaidis
1454 2749 1519 2784 pro
1553 2748 1616 2774 suo
