1826 3120
239 127 304 192 94
635 138 932 194 memnoni
973 102 1277 191 caraem:

241 246 434 298 θαλμαῖν,
462 246 534 286 καί
560 244 801 287 τοιῖναντίον
830 239 960 292 αὖθις
988 243 1060 285 καί
1088 241 1158 285 διὰ
1193 242 1345 298 παντὸς
1373 240 1596 299 ἑκάτερον,
1618 245 1697 302 ³0²!

240 309 365 363 νόμον
396 311 588 365 γίνεσθαι
627 313 773 358 τοῦτον
803 311 1110 364 ἀνομοθέτητον
1151 311 1296 362 εἰπεῖν,
1327 311 1581 366 έπιφυεζσαν
1604 317 1695 362 (τοῖς

240 376 483 432 πράγμασιν
527 373 691 419 ἄνωθεν
735 373 1066 430 καρπωσάμενον
1099 376 1307 431 βλαστὴν,
1353 378 1425 419 καί
1460 374 1523 432 μὴ
1553 376 1694 435 ῥᾷστα

241 444 474 498 δυναμένην
516 444 773 495 α’ναίμακτον
810 443 1033 495 προΐεσθαι
1075 441 1149 496 τήν
1186 440 1451 497 μεταβολήν,
1478 442 1567 490 οὐδ’
1591 437 1695 492 ,ἄνευ

240 508 286 550 τὸ
320 514 509 552 πλεῖστον
546 509 678 551 εἰπεῖν
707 511 782 550 τοῦ
810 510 970 562 βιαίου.
1046 509 1230 555 δεδιέναι
1258 510 1359 563 γοῦν
1388 507 1461 550 καί
1488 507 1563 559 τὰς
1592 509 1730 565 ὀψε-5

241 576 474 632 δρευούσας
501 581 588 624 τοῖς
616 574 820 624 τοιούτοις
851 575 999 629 κῆρας,
1030 570 1128 616 ὅσαι
1160 573 1357 625 θανάτων
1387 577 1601 625 παντοίφῖ
1623 590 1697 628 με-

242 643 347 691 στὰς
376 639 639 683 ὖηοτείνουσι
681 640 859 695 χεῖραςῑ
918 640 990 687 καί
1027 643 1183 695 χρῆναι
1215 640 1283 683 διὰ
1317 643 1466 696 ταῦτα,
1495 644 1596 698 πρὶν
1619 657 1698 696 με·

241 710 440 761 ταστῆναι
479 706 553 749 τὸν
593 709 712 761 δίκην
756 707 913 761 ἰσθμοῦ
952 704 1048 756 τοὺς
1077 703 1337 762 ἑκατέρωθεν
1377 709 1698 763 α’ναχαιτίζοντα

192 767 201 771 “
240 773 468 826 κλύδωνας,
500 771 600 822 τούς
628 769 834 829 ἑκατέρων
857 774 1080 829 ὁρισθῆναι
1103 776 1302 827 θεσμούς.

377 841 590 895 Τοσαύτην
618 843 754 883 τοίνυν
782 841 867 883 κατ’
906 841 1043 882 αΰτοῦ
1076 840 1272 896 ῥαγεῖσαν
1304 839 1503 895 κυμάτων
1532 842 1700 897 ε’παγω-
1714 847 1756 892 10

239 905 312 963 γῆν
343 908 386 949 έν
416 909 554 964 vaningi
600 909 790 961 συνορῶν
835 906 855 947 ό
886 908 1086 961 βασιλεὺς
1127 904 1239 949 οὕτω
1279 909 1406 966 στενῷ
1447 910 1599 967 κομιδῇ
1639 912 1700 967 τῷ

240 977 386 1031 καιρῷ,
421 969 607 1028 ἧσχαλλέ
638 990 682 1014 τε
708 973 781 1015 καί
808 971 1050 1030 ἐδυσφόρει,
1081 976 1156 1016 καί
1183 980 1374 1029 μακραῖς
1404 973 1600 1029 ἐβάλλετο
1631 976 1703 1026 καί

241 1038 519 1096 πολυτρόποις
566 1039 643 1096 τήν
676 1039 821 1095 ψυχὴν
865 1040 1050 1091 ὀδύναις.
1116 1040 1174 1095 μή
1217 1039 1324 1095 ἔχων
1354 1042 1391 1086 δ’
1422 1038 1503 1098 ὅπῃ
1533 1043 1698 1096 βλέψας

242 1105 481 1161 παρήγορον
513 1101 564 1148 ἄν
592 1123 685 1148 τινα
715 1108 877 1158 δέξαιτο
907 1106 1038 1162 λόγον,
1067 1106 1207 1150 ἔστενέ
1227 1123 1313 1157 πως
1344 1107 1417 1150 καὶ
1449 1106 1604 1164 αὑτόν,
1630 1107 1703 1151 καί
1772 1153 1774 1155 ,

243 1168 330 1216 οἷον
360 1173 652 1230 ἀπολεγομένῳ
684 1173 801 1229 ἐῴκει
831 1174 876 1215 τὸ
912 1177 996 1228 ζῆν.
1064 1176 1286 1228 έχεμυθῶν
1323 1172 1402 1230 γὰρ
1438 1169 1489 1229 ἦν
1519 1168 1603 1228 6⁶13
1631 1176 1757 1227 natm

243 1239 392 1282 οὐδενί
416 1255 511 1281 ποτε
542 1240 625 1281 τῶν
654 1239 848 1282 ἁπάντων
875 1240 1076 1294 ἐβούλετο
1106 1243 1355 1283 κοινοῦσθαι
1396 1242 1477 1291 τῶν
1517 1241 1589 1296 τῆς
1612 1251 1702 1294 ψυ-

240 1307 321 1359 χῆς
350 1305 600 1360 α’πορρήτων
644 1307 766 1348 ου’δὲν
798 1308 991 1364 ου’δαμῇ·
1053 1306 1216 1349 πάντων
1246 1305 1327 1361 γὰρ
1362 1305 1560 1358 καθάπαξ
1591 1307 1702 1352 cino-

243 1370 487 1424 δοκιμάζειν
533 1371 683 1415 εἴωθεν
721 1375 795 1414 αἐἱ
832 1372 881 1416 τοὶ
912 1373 1214 1428 βουλεύματα,
1264 1376 1335 1416 καί
1367 1376 1467 1427 πρίν
1507 1374 1700 1426 οἶκοῑσαι.

244 1434 356 1479 οὕτω
387 1439 525 1480 τοίνυν
555 1439 722 1495 ὁρῶσαν
752 1438 826 1494 τήν
845 1443 1046 1495 βασιλίδα
1069 1439 1142 1483 τὸν
1167 1440 1349 1496 σύζυγον
1379 1439 1527 1495 ἔχοντα
1554 1439 1702 1497 λύπης,

244 1505 422 1560 φάσκειν
458 1503 573 1564 ἐπῄει
615 1506 757 1548 τόιαδί
791 1507 897 1561 πρὸς
936 1507 1079 1550 αὐτόν.
1131 1505 1223 1549 “fin
1261 1509 1339 1562 μὲν
1373 1507 1451 1552 οὐκ
1479 1508 1601 1557 ἀθεεὶ
1626 1508 1759 1558 ,τάςῖΟ

242 1571 469 1627 συμφορὰς
511 1574 671 1614 ἐπιέναι
711 1579 796 1623 τοῖς
824 1573 1067 1627 ἀνθρώποις
1110 1572 1220 1627 ἔστι,
1266 1573 1456 1630 καθάπερ
1490 1571 1704 1629 δήπουθεν

244 1638 343 1681 ου’δὲ
373 1637 448 1688 τοὶς
483 1639 745 1695 εὕπραγίας,
775 1640 937 1694 α’γνοεῖν
969 1636 1089 1694 οἶμαι
1124 1643 1207 1683 τῶν
1235 1639 1403 1684 πάντων
1431 1641 1614 1696 ου’δένα,
1643 1635 1705 1690 οἷς

247 1848 407 1889 tempore
433 1854 514 1879 sese
549 1844 724 1889 applicat,
764 1847 909 1880 incertis
949 1847 1158 1891 arcanisque
1183 1846 1412 1880 varietatibus
1437 1846 1545 1881 vitam
1571 1846 1703 1891 dirigit,

246 1903 340 1925 nunc
369 1892 462 1925 hunc
486 1900 580 1926 nunc
604 1893 703 1931 illum
726 1893 875 1941 placidis
897 1894 1086 1927 luminibus
1115 1894 1276 1938 adspicit,
1305 1894 1555 1927 incontrarium
1582 1904 1704 1928 cursus

247 1940 399 1973 vertitur
425 1949 638 1984 semperque
663 1938 825 1974 alternat.
877 1941 966 1974 haec
995 1947 1048 1975 cst
1074 1941 1153 1982 lex,
1184 1946 1220 1973 ut
1246 1942 1294 1974 ita
1320 1941 1451 1982 dicam,
1479 1939 1588 1983 illex,
1614 1951 1704 1985 quae

246 1985 368 2019 florem
379 1996 493 2020 rerum
512 1987 567 2020 dei
583 1987 716 2020 auxilio
738 1994 939 2021 nascentem
957 1989 1124 2031 depascat
1141 1998 1258 2031 neque
1274 1987 1380 2021 facile
1399 1989 1703 2022 commutationem

246 2034 301 2066 sui
326 2033 404 2066 sine
428 2034 600 2078 sanguine
644 2039 703 2067 aut
731 2040 827 2067 certe
852 2036 929 2069 sine
963 2035 1138 2068 violentia
1172 2035 1291 2068 facere
1322 2035 1445 2079 possit.
1494 2035 1704 2069 metuendae

246 2081 355 2124 igitur
381 2085 461 2113 sunt
496 2080 617 2114 talium
645 2081 795 2124 pestium
831 2082 1000 2124 insidiae,
1035 2092 1125 2126 quae
1163 2092 1285 2115 manus
1323 2083 1416 2115 omni
1443 2087 1557 2115 morte
1580 2081 1703 2126 plenas

246 2127 480 2170 protendunt3
509 2138 619 2172 quare
645 2129 848 2173 priusquam
887 2130 964 2173 quis
991 2129 1111 2162 Isthmi
1146 2128 1420 2166 insta1·ssuctu=11
1449 2130 1623 2174 utrimque
1651 2129 1704 2162 ir-

246 2179 405 2207 ruentem
440 2176 609 2217 reprimat
641 2181 675 2208 et
711 2176 746 2208 in
790 2175 895 2209 alium
933 2176 1048 2209 locum
1085 2176 1387 2220 transgrediatur,
1417 2187 1494 2209 eum
1521 2177 1704 2220 utriusque

247 2231 396 2255 neccsse
428 2227 481 2255 est
507 2223 725 2256 constituere
752 2222 864 2267 leges.

378 2284 571 2329 Imperator
597 2286 705 2330 igitur
730 2297 833 2340 quum
862 2292 991 2320 tantam
1013 2288 1047 2320 in
1073 2290 1178 2321 tantis
1206 2287 1375 2331 temporis
1403 2286 1574 2331 angustiis
1600 2286 1636 2319 in
1665 2297 1704 2320 se

249 2333 440 2366 irruentem
462 2338 707 2377 tempestatum
731 2335 801 2367 vim
824 2335 974 2376 videret,
1002 2334 1130 2368 acerbe
1152 2335 1186 2367 id
1213 2335 1361 2375 serebat,
1388 2335 1589 2378 indignatus
1617 2338 1703 2375 erat,

247 2379 383 2424 magnis
410 2380 590 2424 variisque
615 2374 795 2415 doloribus
816 2381 966 2414 animum
997 2381 1160 2427 angebat.
1201 2391 1281 2417 non
1304 2382 1395 2418 enim
1422 2380 1585 2422 habebat,
1611 2379 1705 2414 unde

248 2427 393 2461 verbum
420 2427 693 2461 consolatorium
718 2429 918 2472 acciperet3
947 2439 1055 2473 quare
1092 2439 1172 2462 sese
1198 2430 1310 2473 ipsum
1338 2429 1413 2461 fere
1439 2427 1646 2472 deplorabat
1671 2432 1706 2460 et

249 2473 348 2519 quasi
375 2474 593 2517 desperatam
620 2475 726 2508 vitam
750 2476 882 2519 degere
908 2476 1104 2509 videbatur.
1154 2486 1294 2519 semper
1320 2481 1394 2508 erat
1419 2476 1611 2508 taciturnus
1636 2484 1704 2519 ue-

249 2531 318 2566 que
345 2531 422 2553 cum
449 2530 622 2576 quoquam
647 2522 786 2555 occulta
817 2523 970 2566 pectoris
998 2524 1255 2556 communicare
1281 2522 1438 2556 volebat.
1483 2531 1585 2555 omne
1613 2521 1705 2555 enim

249 2567 440 2602 consilium
471 2570 624 2602 reiicere
658 2569 796 2603 solebat
833 2570 936 2602 etiam
971 2576 1155 2616 antequam
1179 2570 1327 2604 audiret
1388 2574 1482 2602 tanta
1507 2569 1615 2613 igitur
1641 2578 1704 2602 ae-

248 2624 370 2652 rumna
396 2625 501 2658 quum
540 2617 727 2663 coniugem
753 2617 891 2651 videret
917 2617 1084 2651 ai'ilictum
1099 2618 1331 2663 imperatrix,
1357 2617 1442 2650 talia
1477 2617 1519 2649 ad
1546 2626 1624 2650 eum
1649 2616 1705 2649 di-

251 2672 334 2695 cere
360 2671 486 2695 exorsa
516 2668 589 2696 est:
619 2674 711 2706 „non
739 2665 816 2697 sine
853 2664 910 2697 dei
938 2666 1080 2698 nomine
1099 2660 1303 2697 hominibus
1340 2669 1399 2696 aut
1423 2664 1616 2697 infortunia
1641 2672 1705 2696 ac-

250 2709 371 2746 cidere
398 2714 459 2743 aut
480 2720 537 2744 res
552 2721 741 2761 prosperas
766 2711 924 2755 evenire,
951 2713 1126 2747 neminem
1145 2713 1309 2758 ignorare
1335 2710 1498 2756 arbitror,
1524 2711 1583 2758 qui
1602 2720 1705 2757 men-7
