1800 3132
215 162 281 214 46
617 152 915 213 menruom
957 163 1262 209 eneconis

215 273 378 322 τούτοις
421 271 596 322 ὁλκάδες
633 275 965 316 συσκευασθεῖεν
1004 269 1046 321 ἓξ
1089 272 1173 312 τῶν
1202 269 1311 311 πάνυ
1342 269 1560 324 μεγίστων,
1590 286 1672 326 μη-

214 339 352 395 χανάς
381 340 648 389 παντοδαπάς
677 341 749 381 καί
776 336 947 386 ὁπλίτας
979 337 1176 392 ἀρίστους
1194 339 1404 392 φέρουσαι
1432 338 1670 397 πλείστους,

216 409 377 462 καίριον
424 403 504 462 ἤδη
547 408 797 460 νομισθῆναι
838 409 923 452 τοῖς
962 399 1094 445 ἅπασι
1130 402 1285 451 πάσαις
1329 401 1436 456 ὄμοῦ
1467 401 1674 457 δυνάμεσι

216 472 554 530 προσελάσαντας
593 472 894 514 κυκλώσασθαι
933 468 979 510 τό
1026 471 1231 525 φρούριον
1285 469 1539 526 αὐθημερόν.
1605 471 1676 512 κατ’

217 540 376 584 τούτων
409 538 899 591 οὖτωσὶπεπραγμένων
945 535 1183 591 ἀνυσθῆναι
1214 537 1336 592 σφίσι
1367 537 1498 591 μηδὲν
1523 530 1705 592 rithmi-5

217 623 353 661 ειμεν,
385 606 441 654 οὖς
470 604 702 658 ἀπογνόντα
734 602 880 644 λοιπόν
911 601 979 644 τὸν
1011 605 1085 657 τῆς
1113 605 1311 657 ναυτικῆς
1340 604 1422 645 τῶν
1440 600 1674 646 Βενετικῶν

217 673 435 726 δυνάμεως
471 672 687 723 ναύαρχον
727 671 801 710 τοῦ
830 673 917 728 ,μὲν
946 671 1129 722 πολέμου
1169 668 1368 722 διάδοχον
1399 669 1570 726 ἀφεῖναι
1600 667 1675 712 τόν

215 740 420 792 βασιλέα,
469 735 597 778 αὐτὸν
642 737 688 777 δὲ
727 736 937 795 μαθόντα
962 731 1040 790 ἤδη
1071 752 1140 777 και
1179 733 1364 789 τριήρεις
1398 733 1441 777 ἐκ
1469 729 1676 785 Γεννούας

215 803 407 860 εξήκοντα
443 802 559 858 παρὰ
599 803 739 844 πᾶσαν
777 803 1035 856 αναγομένας
1064 803 1242 855 ε’λπίδα,
1278 799 1395 874 ὅλαις
1436 797 1676 858 ἀναχωρεῖν

217 871 419 925 πορείαις.
1688 883 1732 918 10
1792 923 1795 927 .

128 924 200 979 il
327 936 420 980 Κατ
458 955 483 978 α
522 938 599 990 μὲν
643 936 844 990 ἀμυδρῶς
890 936 1021 984 αὐτὸς
1051 934 1283 990 ἤκηκόειν,
1311 931 1575 991 ἔκδημος”ὠν
1602 937 1676 991 τῆς

218 1004 431 1058 πατρίδος,
460 1006 577 1046 ταῦτ’
618 1001 755 1045 ἐστίν·
815 1001 939 1050 αι’τὸς
981 1003 1019 1044 δ’
1046 1018 1097 1044 αν
1124 1019 1196 1056 μοι
1225 1006 1359 1057 λέγοις
1387 1003 1676 1059 τᾶληθέστεροὶ
1719 1027 1722 1030 ·

217 1085 260 1113 τε
297 1072 370 1112 κατ’
398 1068 653 1124 βεβαιότερα
690 1071 771 1111 τῶν
802 1070 1010 1111 ἐνταυθοῖ
1033 1072 1336 1125 πεπραγμένων
1379 1071 1568 1124 ἐκείνων,
1603 1073 1676 1126 τῆς

218 1134 470 1192 α’φηγήσεως
497 1134 748 1215 προϊούσης,
774 1135 1018 1189 προστιθείς
1058 1137 1101 1178 ἐν
1142 1136 1276 1192 ταύτῷ
1309 1152 1378 1178 και
1405 1134 1455 1178 τοὶ
1487 1138 1571 1179 τῶν
1598 1153 1677 1179 πε-

218 1205 473 1257 πραγμένων]
494 1201 622 1245 αἴτια.
683 1204 758 1245 νῦν
788 1203 825 1243 δ’
857 1197 914 1244 ὧν
942 1203 1071 1252 αὐτὸς
1101 1202 1316 1259 αυ’τόπτης
1345 1200 1438 1259 ἑξῆς
1471 1201 1675 1260 ἐγενόμην
1690 1212 1733 1247 15

218 1269 308 1312 ἐκεῖ
332 1269 493 1323 παρών,
523 1264 610 1322 εἶμι
642 1271 749 1323 ε’ρων
767 1269 897 1318 αυτὸς
926 1269 1077 1312 αὐτίκα
1109 1270 1182 1312 τὸν
1210 1270 1452 1324 λεπτότερον
1482 1269 1555 1312 καί
1581 1271 1676 1312 καθ’

217 1339 370 1379 ἕκαστα
398 1336 567 1391 τρόπον.
611 1334 922 1390 ἐπαναληπτέον
957 1339 1097 1379 τοίνυν
1126 1336 1213 1381 τὸν»
1230 1335 1349 1391 λόγον
1381 1333 1463 1395 ὅπῃ
1491 1333 1538 1379 τό
1570 1337 1678 1392 πρό-

219 1418 339 1457 τερον
367 1401 484 1456 ἴχνος
515 1404 739 1455 ἐλιπομεν,
773 1405 840 1444 ἵνα
864 1402 908 1444 τό
937 1406 1010 1456 τῆς
1037 1403 1224 1458 ἱστορίας
1260 1405 1446 1460 συναφὲς
1491 1403 1570 1460 τὴν
1600 1407 1679 1446 τοῦ

221 1472 388 1525 σαφοῦς
416 1468 634 1526 ῥαστώνην
662 1470 808 1525 εὐφυᾶ
839 1471 1006 1528 παρέχῃ
1036 1476 1122 1519 τοῖς
1151 1470 1491 1525 ἐντυγχάνουσιν.

132 1547 206 1581 22
341 1529 519 1589 ’Έτυχον
549 1537 627 1588 μὲν
657 1536 737 1589 ἐγώ
770 1536 997 1590 διατρίβων
1035 1537 1131 1591 περὶ
1158 1535 1208 1578 τοὶ
1241 1541 1363 1583 κοῖλα
1391 1539 1464 1591 τῆς
1493 1537 1678 1590 Εὖβοίας
1690 1549 1736 1586 20

222 1603 294 1644 κατ’
322 1601 553 1656 Κάρυστον
580 1602 697 1645 πόλιν
725 1605 914 1657 λήγοντος
943 1599 1023 1658 ἤδη
1053 1607 1131 1645 τοῦ
1162 1606 1332 1659 θέρους,
1356 1605 1427 1646 κατ’
1453 1607 1679 1660 τηνικαῦτα

222 1671 440 1724 ξυνέβαινε
470 1673 696 1712 καταπλεῖν
729 1671 782 1719 ἐς·
801 1668 958 1725 Ὠρεόν,
987 1670 1108 1712 πόλιν
1136 1670 1320 1724 Εὐβοίας
1348 1670 1577 1729 εὐλίμενον,
1606 1670 1680 1722 τοῖς

223 1874 290 1899 sex
311 1873 423 1898 naves
448 1864 629 1898 onerarias
655 1864 821 1897 maximas
847 1864 941 1906 omni
969 1874 1103 1908 genere
1130 1863 1370 1898 machinarum
1395 1869 1430 1898 et
1461 1865 1581 1909 gravis
1617 1875 1679 1899 ar-

224 1917 380 1945 maturae
407 1910 578 1945 militibus
605 1910 765 1954 plurimis
793 1911 1067 1955 fortissimisque
1091 1911 1280 1946 instructas
1307 1917 1582 1955 comparassent,
1609 1913 1678 1946 iam

225 1958 384 1991 omnibus
409 1957 574 1991 idoneum
598 1963 734 2001 tempus
750 1958 863 1992 visum
893 1968 970 1991 esse
1000 1959 1136 1991 cunctis
1164 1959 1277 2002 copiis
1302 1959 1462 2002 protinus
1493 1958 1678 1993 castellum

228 2004 409 2039 adoriendi
434 2009 539 2049 atque
566 2005 761 2038 obsidendi.
812 2004 875 2038 tali
902 2006 1040 2039 ratione
1064 2005 1170 2038 rebus
1197 2006 1369 2039 institutis
1393 2005 1484 2039 nihil
1509 2006 1610 2039 abiis
1635 2007 1678 2040 ad

227 2052 359 2085 exitum
386 2052 571 2086 adductum
600 2063 692 2093 esse,
720 2052 966 2094 audiebamus,
997 2053 1045 2085 ita
1075 2058 1113 2085 ut
1141 2052 1263 2086 classis
1290 2051 1448 2086 Venetae
1476 2052 1678 2096 praefectus

224 2110 263 2133 re
290 2099 357 2132 iam
383 2099 568 2142 desperata
602 2104 636 2132 et
660 2099 875 2143 Imperatore
893 2124 903 2140 ‚
942 2100 1001 2143 qui
1040 2099 1174 2133 bellum
1210 2105 1484 2144 persequeretur
1503 2124 1513 2142 ,
1550 2101 1677 2135 relicto

224 2156 355 2179 summa
384 2146 611 2180 festinatione
637 2147 847 2187 recessisset
874 2148 1005 2180 certior
1036 2147 1162 2189 factus,
1191 2147 1234 2180 ab
1252 2147 1373 2181 Genua
1399 2148 1467 2180 iam
1493 2149 1678 2193 sexaginta

225 2194 387 2227 triremes
413 2199 555 2237 praeter
581 2194 734 2227 omnium
761 2195 1061 2237 exspectationem
1087 2195 1123 2227 in
1149 2194 1256 2227 altum
1283 2200 1425 2228 evectas
1453 2205 1545 2230 esse.

356 2257 452 2291 Haec
478 2258 642 2302 equidem
668 2268 687 2290 a
712 2258 826 2301 patria
850 2263 1004 2291 remotus
1041 2258 1140 2302 quasi
1172 2268 1236 2302 per
1268 2258 1432 2292 nebulam
1466 2259 1605 2301 audivi3
1639 2266 1678 2294 tu

226 2311 342 2339 autem
368 2306 573 2339 narratione
598 2305 851 2349 progrediente
878 2306 1019 2338 veriora
1045 2306 1214 2349 quaedam
1239 2310 1345 2349 atque
1374 2307 1527 2340 certiora
1551 2307 1594 2340 de
1616 2317 1678 2341 rc..

226 2353 290 2386 bus
317 2352 375 2385 hic
401 2358 472 2386 tum
505 2353 616 2396 gestis
648 2362 805 2395 expones
831 2353 956 2386 additis
993 2353 1097 2386 etiam
1130 2363 1243 2386 rerum
1276 2354 1404 2386 causis.
1461 2364 1555 2387 nunc
1590 2364 1677 2389 vero

227 2410 298 2441 res,
326 2410 471 2444 quarum
497 2401 574 2443 ipse
599 2399 677 2432 illic
702 2405 880 2443 spectator
898 2400 960 2441 fui,
987 2410 1029 2432 ex
1055 2400 1177 2433 ordine
1204 2399 1267 2433 tibi
1286 2406 1449 2434 accurate
1475 2406 1580 2445 atque
1601 2403 1700 2436 sin-¹

229 2446 379 2491 gillatim
407 2447 573 2480 referam.
622 2447 871 2481 revertendum
896 2448 1004 2491 igitur
1028 2447 1129 2481 nobis
1158 2453 1211 2481 est
1238 2447 1280 2480 ad
1312 2447 1370 2490 id,
1403 2448 1496 2481 unde
1529 2449 1679 2492 digressi

229 2504 360 2536 sumus,
387 2500 424 2527 ut
450 2494 622 2528 historiae
656 2494 1112 2537 continuitas-praeclaram
1137 2505 1253 2528 rerum
1284 2495 1498 2540 cognitionis
1522 2495 1679 2529 facilita-

229 2546 297 2574 tem
324 2541 504 2584 praebeat,
532 2551 621 2585 quae
644 2542 738 2575 inest
760 2542 797 2574 in
821 2543 1085 2585 perspicuitate.

364 2605 477 2646 Quum
511 2606 620 2649 igitur
646 2607 741 2640 circa
766 2606 885 2640 fauces
913 2606 1080 2640 Euboeae
1110 2612 1144 2640 et
1171 2606 1353 2649 Carystum
1379 2606 1501 2640 urbem
1527 2610 1680 2640 exeunte

231 2653 298 2685 iam
326 2658 461 2686 aestate
486 2662 733 2695 commorarer,
760 2654 803 2686 ad
828 2653 957 2688 Oreum
978 2680 988 2698 ,
1021 2654 1188 2688 Euboeae
1214 2654 1335 2687 urbem
1371 2659 1477 2698 portu
1510 2659 1680 2696 ornatam,

233 2699 436 2744 quindecim
462 2700 548 2733 illae
573 2711 684 2734 naves
705 2701 862 2734 Venetae
887 2701 1112 2745 appulerunt,
1140 2711 1225 2745 quas
1255 2711 1298 2734 ex
1322 2701 1492 2744 portubus
1518 2702 1682 2746 Byzantii

232 2747 428 2782 recessisse
454 2757 559 2792 supra
588 2748 914 2783 demonstravimus.
943 2754 1023 2782 octo
1050 2754 1165 2782 autem
1176 2748 1396 2784 Cretensium
1424 2749 1585 2784 triremes
1600 2749 1682 2783 inde
