1826 3120
230 140 326 194 144
479 151 484 154 ·
628 150 924 196 mcsspnom
965 150 1270 194 GREGORAE

362 258 527 301 Ου’κοῦν
578 256 871 313 ἁρμόττουσαν
914 257 1054 312 ἀρχὴν
1100 258 1325 299 α’ναθεῖναι
1375 256 1444 299 δεῖ
1473 257 1531 314 τῷ
1574 255 1684 314 λόγῳ

227 324 455 381 πρότερον,
497 326 669 382 φίλτατε
714 323 1021 379 Ἀγαθάγγελε·
1091 321 1142 378 ἢν
1183 323 1259 364 οὐκ
1299 318 1434 373 ἄλλως
1471 322 1686 376 ἁλώσιμον

225 390 399 434 ἔσεσθαι
432 388 549 445 οἶμαι
593 387 620 446 ἢ
653 393 695 441 ἐς
738 388 785 432 τὸ
827 388 1030 446 πρότερον
1067 387 1183 444 ἴχνος
1222 392 1307 432 τῶν
1350 389 1483 444 λόγων
1521 389 1686 432 ἐκείνων

225 457 525 511 ἀναπόμπιμον
568 457 839 511 πεπραχότας
865 454 939 511 τήν
964 456 1162 511 μνήμην,
1193 449 1265 498 καί
1295 455 1413 512 δίκην
1441 457 1585 510 σειρᾶς
1612 455 1686 504 τὰς

223 524 292 577 τῆς
322 520 504 578 γλώττης
542 524 702 565 ἐκεῖθεν
743 523 947 578 κρηπῖδας
990 522 1263 577 ἀνάψαντας,
1307 522 1478 578 α’σφαλῆ
1519 518 1568 563 τὰ
1613 523 1719 578 τῆς5

224 587 475 643 ἀναλήψεως
503 584 583 644 ἤδη
622 589 780 643 ἐφόδια
811 590 853 637 ἐς
885 587 960 643 τήν
993 591 1076 631 τῶν
1105 587 1197 644 ἑξῆς
1235 590 1462 644 κεκτῆσθαι
1497 586 1688 644 διήγησιν

185 686 187 688 »
222 657 267 697 ἐν
285 657 452 708 βραχεῖ.
479 650 585 696 εἶναι
610 656 645 696 δ’
677 654 904 709 ἀναγκαῖον
931 658 1145 698 πυθέσθαι
1169 657 1333 712 πρῶτον
1363 651 1473 709 ἡμᾶς
1504 651 1563 697 ὅτι
1590 655 1687 697 ποτὲ

54 857 80 893 f.
96 858 161 894 130
176 867 207 892 a.

221 719 328 774 μετὰ
351 719 427 775 τήν
456 722 698 774 ναυμαχίαν
717 722 875 776 ἐκείνην
903 721 1222 776 ἀντικαθήμενοι
1257 723 1330 764 καί
1356 722 1689 778 α’ντιφεδρεὺονὲ-

223 804 289 838 τες
311 784 520 842 ἑκατέροις
538 785 729 844 ἑκάτεροι
756 791 841 831 ταῖν
857 791 1053 832 Λατίνων
1073 787 1111 831 οἱ
1134 788 1271 832 στόλοι
1298 788 1390 832 τότε
1417 786 1690 843 πεπράκασι*
1753 785 1755 787 ’

223 853 420 908 δεύτερον
440 855 476 896 δ’
505 849 571 895 ὅτι
597 856 695 896 ποτὲ
718 857 791 897 καί
815 854 839 910 ἢ
858 857 1035 908 ν’βασιλίς
1051 856 1206 911 Εἰρήνη
1226 857 1257 882 ⁰
1276 859 1484 898 τετέλεκεν
1507 853 1692 897 annotati
1705 868 1748 904 ιο

222 935 265 969 τε
298 921 339 969 ἐς
366 917 612 973 Ὀρεστιάδα
642 923 716 963 καί
743 921 1080 976 Διδυμότειχον,
1113 924 1186 964 καί
1215 920 1290 972 τὰς
1319 920 1584 976 μεταξὺβῆς
1614 936 1691 978 φι-

222 985 400 1040 λαρχίας
444 986 527 1028 τῶν
566 987 729 1030 παίδων
764 987 906 1041 ἔριδας
947 989 1190 1043 ἐπειγομένη
1233 990 1449 1042 κοιμίσαι,
1491 990 1589 1044 πρίν
1629 987 1690 1037 εἷς

225 1051 418 1106 αἱμάτων
447 1055 595 1108 χύσεις
639 1054 686 1097 τὸ
717 1058 806 1097 κατ’
851 1054 1043 1111 α’λλήλων
1076 1056 1249 1110 ἐκβῆναι
1280 1055 1561 1110 μαινόμενον·
1603 1054 1693 1108 ιτα-ι’

226 1121 364 1175 τρίτον
391 1118 538 1170 ὁποίας
581 1119 655 1163 καί
683 1125 779 1164 καθ’
821 1122 942 1177 ἡμῶν
985 1120 1069 1181 τὰς,
1100 1124 1282 1175 μελέτας
1322 1120 1343 1164 ὅ
1386 1124 1471 1164 τῶν
1501 1122 1690 1165 damnet&

225 1184 440 1241 ἱστουργεῑ
466 1190 537 1229 καί
569 1188 807 1242 συρράπτει
841 1189 1006 1238 θίασος.
1644 1183 1646 1185 ’
1706 1195 1748 1230 15

343 1252 447 1309 ’Ἐμὲ
491 1255 528 1297 δ’
562 1248 612 1296 εὖ
640 1271 705 1298 σοι
735 1258 920 1310 λέγοντι,
971 1259 1068 1299 θεία
1110 1272 1183 1311 μοι
1225 1255 1420 1314 κεφαλή,
1463 1258 1693 1312 α’ντιλέγειν

224 1323 303 1374 μὲν
334 1317 482 1375 ἥκιστα
513 1320 703 1375 πάντων,
742 1326 971 1365 πείθεσθαι
1013 1325 1059 1365 δὲ
1094 1324 1282 1377 μάλιστα
1307 1320 1492 1367 ’πάντῶν
1533 1325 1690 1379 χρεών.

228 1389 301 1431 καί
330 1403 396 1430 σοι
428 1390 535 1444 ἐρῶν
564 1386 747 1443 ἔρχομαι
776 1391 815 1432 εἰ
841 1388 899 1445 μὴ
932 1392 1069 1433 πάντα
1102 1391 1152 1446 δή
1185 1390 1235 1433 τά
1269 1390 1428 1445 μεταξύ
1464 1392 1561 1433 καθ’
1592 1389 1694 1433 ἕκα-

231 1473 326 1510 στα,
356 1456 445 1497 α’λλ’
476 1449 550 1498 οὖν
580 1457 785 1508 α’πολέξας
812 1455 864 1499 τά
897 1456 1163 1517 καιριώτερα.

355 1523 402 1566 Ὁ
429 1521 510 1578 γάρ
533 1539 595 1566 τοι
626 1525 702 1566 τοῦ
727 1527 953 1566 Βενετικοῦ
980 1523 1131 1567 στόλου
1160 1524 1374 1580 ναύαρχος
1416 1521 1550 1580 ἥκιστ’
1583 1523 1692 1580 ἔχων
1705 1530 1751 1567 20

228 1586 289 1637 ὅτι
307 1591 503 1645 πράξειεν
522 1590 598 1647 ἀφ’
615 1584 666 1632 οὗ
685 1590 798 1646 παρὰ
830 1591 969 1633 πᾶσαν
992 1593 1162 1646 ἐνέτυχε
1190 1593 1447 1645 προσδοκίαν
1477 1587 1556 1648 ἤδη
1585 1591 1693 1644 μετὰ

228 1655 304 1712 τήν
332 1658 579 1711 ναυμαχίαν
607 1661 691 1706 τοῖς
718 1658 755 1700 Γ
753 1660 983 1707 εννουίταις
1022 1660 1079 1715 τῷ
1110 1660 1193 1701 τῶν
1223 1661 1422 1701 Βιθυνῶν
1453 1659 1691 1712 σπεισαμέ-

227 1738 313 1773 νοις
341 1722 511 1778 ἡγεμόνι
533 1725 717 1779 Περσῶν
738 1722 937 1781 Ὑρκανῷ,
971 1723 1076 1781 πρὸς
1092 1725 1226 1781 μόνην
1256 1723 1428 1782 ταυτηνὶ
1443 1727 1691 1768 τελευταίαν

361 1897 409 1933 Tu
450 1908 538 1932 vero
573 1898 754 1932 carissime
786 1899 1034 1944 Agathangele
1068 1909 1187 1933 nonne
1223 1900 1321 1943 prius
1344 1900 1539 1934 narrationi
1565 1905 1686 1944 aptum

231 1945 410 1979 exordium
437 1946 579 1988 addere,
606 1946 698 1991 quod
723 1946 892 1990 deinceps
919 1947 1082 1984 invenire
1107 1957 1193 1981 sane
1219 1946 1367 1982 difficile
1394 1952 1448 1980 est
1472 1951 1532 1980 aut
1559 1947 1688 1992 prioris

229 1993 443 2027 narrationis
470 1994 673 2027 memoriam
699 2003 872 2027 revocare
896 1993 999 2027 nobis
1026 1995 1061 2028 in
1087 1995 1204 2027 animo
1231 1993 1369 2028 habes?
1394 1994 1443 2028 ita
1484 1999 1522 2028 ut
1562 2004 1689 2028 narra-

229 2041 337 2074 tionis
362 2041 549 2074 momentis
574 2046 720 2074 catenae
745 2041 856 2074 instar
882 2042 1110 2075 annectendis
1136 2046 1269 2075 certum
1304 2041 1474 2085 quendam
1501 2041 1545 2074 ad
1569 2051 1687 2075 rerum

229 2089 467 2122 narrationem
494 2098 584 2133 quae
611 2094 735 2132 postea
761 2093 860 2121 actae
886 2093 967 2122 sunt
995 2089 1178 2122 transitum
1204 2088 1267 2122 tibi
1293 2087 1519 2133 patefacias?
1553 2089 1690 2132 prinum

233 2137 323 2169 enim
363 2136 483 2169 auditu
517 2135 658 2179 dignum
686 2141 740 2168 est
770 2135 852 2180 quid
885 2141 966 2180 post
991 2146 1142 2181 pugnam
1165 2135 1329 2169 navalem
1353 2135 1450 2169 illam
1487 2135 1689 2169 Latinorum

232 2183 367 2216 classes
394 2183 548 2216 invicem
584 2194 623 2216 se
650 2183 841 2229 premendo
884 2190 918 2218 et
952 2183 1144 2217 obsidendo
1188 2184 1384 2217 effecerint.
1443 2183 1570 2216 deinde
1607 2183 1690 2227 quid

229 2230 361 2264 Eirene
386 2230 510 2275 regina
544 2236 727 2274 postquam
758 2230 976 2265 Orestiadem
1011 2236 1046 2264 et
1071 2230 1354 2274 Didymotichum
1391 2230 1558 2275 pervenit
1597 2231 1689 2264 effe-

231 2278 333 2319 cerit,
361 2277 514 2311 tiliorum
540 2278 642 2322 regni
666 2278 890 2321 cupiditatem
903 2280 1104 2322 priusquam
1132 2278 1250 2311 furore
1275 2278 1412 2311 incitati
1426 2277 1568 2311 caedem
1600 2278 1688 2312 ede-

230 2330 311 2358 rent
342 2335 548 2368 repressura
609 2326 751 2359 tertium
777 2336 866 2370 quae
893 2326 1035 2360 fanatici
1064 2331 1312 2370 persecutores
1337 2325 1373 2359 in
1396 2335 1461 2359 nos
1488 2325 1690 2371 concipiant

233 2377 267 2406 et
294 2378 518 2417 concoquant
543 2372 706 2406 consilia.

363 2436 459 2470 Haec
485 2447 590 2481 quum
617 2438 747 2481 optime
773 2448 812 2472 se
836 2437 990 2471 habeant
1014 2437 1159 2481 obloqui
1185 2436 1249 2471 tibi
1274 2437 1331 2471 vir
1357 2437 1476 2471 divine
1493 2437 1591 2480 nolo,
1618 2447 1687 2482 po-

231 2485 300 2518 tius
328 2494 471 2528 prorsus
498 2484 561 2517 tibi
590 2484 765 2529 obsequar
793 2490 828 2518 et
854 2486 954 2518 initio
982 2485 1121 2530 quidem
1146 2485 1175 2518 si
1200 2493 1272 2517 non
1295 2484 1436 2528 singula
1462 2485 1577 2518 omnia
1597 2494 1688 2530 quae

232 2532 371 2565 interim
406 2538 484 2566 acta
519 2536 599 2566 sunt
623 2537 739 2566 tamen
777 2543 867 2577 quae
897 2536 1169 2565 commemoratu
1195 2532 1401 2576 dignissima
1425 2537 1506 2566 sunt
1531 2532 1596 2566 tibi
1623 2542 1688 2566 ex-

232 2589 372 2624 ponam.
869 2584 882 2600 s

367 2644 581 2678 Venetorum
609 2644 733 2678 classis
759 2645 960 2689 praefectus
996 2646 1151 2679 incertus
1178 2645 1259 2689 quid
1287 2644 1422 2678 faceret
1448 2654 1553 2689 quum
1580 2653 1686 2688 prae-

234 2697 289 2726 ter
315 2702 451 2725 omnem
480 2692 682 2735 opinionem
711 2694 778 2726 iam
813 2692 905 2727 sacta
929 2702 1047 2738 pugna
1081 2691 1202 2726 navali
1242 2691 1447 2726 Genuenses
1483 2691 1688 2725 offendisset

233 2740 269 2774 in
296 2740 467 2774 societate
492 2739 727 2787 Bithynorum
752 2740 851 2776 ducis
876 2741 1055 2788 Hyrcani,
1083 2740 1140 2774 cui
1166 2750 1270 2788 quum
1296 2749 1461 2777 summam
1487 2739 1530 2774 ad
1554 2738 1688 2788 despe«
