<?xml version="1.0" encoding="UTF-8"?>
<!DOCTYPE html PUBLIC "-//W3C//DTD XHTML 1.0 Transitional//EN"
    "http://www.w3.org/TR/xhtml1/DTD/xhtml1-transitional.dtd">
<html xmlns="http://www.w3.org/1999/xhtml" xml:lang="en" lang="en">
 <head>
  <title>
</title>
<meta http-equiv="Content-Type" content="text/html;charset=utf-8" />
  <meta name='ocr-system' content='tesseract 3.04.00' />
  <meta name='ocr-capabilities' content='ocr_page ocr_carea ocr_par ocr_line ocrx_word'/>
</head>
<body>
  <div class='ocr_page' id='page_1' title='image "./corpusscriptorum40niebuoft_0300.png"; bbox 0 0 1826 3120; ppageno 0'>
   <div class='ocr_carea' id='block_1_1' title="bbox 91 1008 240 1046">
    <p class='ocr_par' dir='ltr' id='par_1_1' title="bbox 91 1008 240 1046">
     <span class='ocr_line' id='line_1_1' title="bbox 91 1008 240 1046; baseline 0.013 -2"><span class='ocrx_word' id='word_1_1' title='bbox 91 1008 116 1045; x_wconf 74' lang='lat' dir='ltr'><strong>f.</strong></span> <span class='ocrx_word' id='word_1_2' title='bbox 129 1009 195 1045; x_wconf 86' lang='lat'><strong>138</strong></span> <span class='ocrx_word' id='word_1_3' title='bbox 205 1019 240 1046; x_wconf 81' lang='lat' dir='ltr'><strong>v.</strong></span> 
     </span>
    </p>
   </div>
   <div class='ocr_carea' id='block_1_2' title="bbox 159 1480 228 1515">
    <p class='ocr_par' dir='ltr' id='par_1_2' title="bbox 159 1480 228 1515">
     <span class='ocr_line' id='line_1_2' title="bbox 159 1480 228 1515; baseline 0 0"><span class='ocrx_word' id='word_1_4' title='bbox 159 1480 228 1515; x_wconf 69' lang='lat'><strong>2⁸2</strong></span> 
     </span>
    </p>
   </div>
   <div class='ocr_carea' id='block_1_3' title="bbox 1589 0 1826 247">
    <p class='ocr_par' dir='ltr' id='par_1_3' title="bbox 1589 0 1826 247">
     <span class='ocr_line' id='line_1_3' title="bbox 1589 0 1826 247; baseline 0 2873"><span class='ocrx_word' id='word_1_5' title='bbox 1589 0 1826 247; x_wconf 95' lang='lat' dir='ltr'><strong> </strong></span> 
     </span>
    </p>
   </div>
   <div class='ocr_carea' id='block_1_4' title="bbox 261 166 1555 218">
    <p class='ocr_par' dir='ltr' id='par_1_4' title="bbox 261 166 1557 227">
     <span class='ocr_line' id='line_1_4' title="bbox 261 166 1555 218; baseline 0.003 -5"><span class='ocrx_word' id='word_1_6' title='bbox 261 166 359 214; x_wconf 75' lang='lat'>⁸288</span> <span class='ocrx_word' id='word_1_7' title='bbox 660 173 955 218; x_wconf 80' lang='lat' dir='ltr'>NICEPHORI</span> <span class='ocrx_word' id='word_1_8' title='bbox 999 172 1304 216; x_wconf 78' lang='lat' dir='ltr'>GREGORAE</span> <span class='ocrx_word' id='word_1_9' title='bbox 1451 201 1454 203; x_wconf 95' lang='lat'>-</span> <span class='ocrx_word' id='word_1_10' title='bbox 1548 171 1555 201; x_wconf 92' lang='lat'>³</span> 
     </span>
    </p>
   </div>
   <div class='ocr_carea' id='block_1_5' title="bbox 248 273 1826 1149">
    <p class='ocr_par' dir='ltr' id='par_1_5' title="bbox 248 273 1826 1149">
     <span class='ocr_line' id='line_1_5' title="bbox 259 273 1716 334; baseline 0.006 -17"><span class='ocrx_word' id='word_1_11' title='bbox 259 277 595 334; x_wconf 77' lang='grc' dir='ltr'><em>εἰδοποιηθείσης</em></span> <span class='ocrx_word' id='word_1_12' title='bbox 637 278 741 333; x_wconf 83' lang='grc' dir='ltr'><em>πρὸς</em></span> <span class='ocrx_word' id='word_1_13' title='bbox 774 274 903 334; x_wconf 79' lang='grc' dir='ltr'><em>ἄλλην</em></span> <span class='ocrx_word' id='word_1_14' title='bbox 932 280 1007 320; x_wconf 77' lang='grc' dir='ltr'>καί</span> <span class='ocrx_word' id='word_1_15' title='bbox 1029 273 1158 334; x_wconf 73' lang='grc' dir='ltr'><em>ἄλλην</em></span> <span class='ocrx_word' id='word_1_16' title='bbox 1184 278 1416 334; x_wconf 77' lang='grc' dir='ltr'><strong><em>θρησκείαν</em></strong></span> <span class='ocrx_word' id='word_1_17' title='bbox 1441 296 1488 323; x_wconf 78' lang='grc' dir='ltr'><strong>τε</strong></span> <span class='ocrx_word' id='word_1_18' title='bbox 1515 283 1589 325; x_wconf 80' lang='grc' dir='ltr'><strong><em>καί</em></strong></span> <span class='ocrx_word' id='word_1_19' title='bbox 1613 281 1716 326; x_wconf 72' lang='grc' dir='ltr'><em>διά-</em></span> 
     </span>
     <span class='ocr_line' id='line_1_6' title="bbox 257 343 1716 401; baseline 0.005 -17"><span class='ocrx_word' id='word_1_20' title='bbox 257 347 421 395; x_wconf 83' lang='grc' dir='ltr'><em>λεκτον,</em></span> <span class='ocrx_word' id='word_1_21' title='bbox 469 343 527 393; x_wconf 70' lang='grc' dir='ltr'><strong>αἷς</strong></span> <span class='ocrx_word' id='word_1_22' title='bbox 573 348 820 397; x_wconf 76' lang='grc' dir='ltr'>συμβαίνειν</span> <span class='ocrx_word' id='word_1_23' title='bbox 866 347 1060 387; x_wconf 78' lang='grc' dir='ltr'><em>ἐντεῦθεν</em></span> <span class='ocrx_word' id='word_1_24' title='bbox 1095 345 1155 399; x_wconf 85' lang='grc' dir='ltr'><strong>μὴ</strong></span> <span class='ocrx_word' id='word_1_25' title='bbox 1196 343 1308 401; x_wconf 73' lang='grc' dir='ltr'><em>παρὰ</em></span> <span class='ocrx_word' id='word_1_26' title='bbox 1349 348 1478 390; x_wconf 81' lang='grc' dir='ltr'><em>πᾶσιν</em></span> <span class='ocrx_word' id='word_1_27' title='bbox 1511 347 1716 399; x_wconf 57' lang='lat' dir='ltr'><strong>dundenae</strong></span> 
     </span>
     <span class='ocr_line' id='line_1_7' title="bbox 256 405 1715 468; baseline 0.005 -19"><span class='ocrx_word' id='word_1_28' title='bbox 256 405 369 462; x_wconf 78' lang='grc' dir='ltr'><em>ἔχειν</em></span> <span class='ocrx_word' id='word_1_29' title='bbox 401 408 549 464; x_wconf 69' lang='grc' dir='ltr'><em>αὐτήν,</em></span> <span class='ocrx_word' id='word_1_30' title='bbox 577 411 667 452; x_wconf 69' lang='grc' dir='ltr'><em>ἀλλ’</em></span> <span class='ocrx_word' id='word_1_31' title='bbox 699 407 828 466; x_wconf 75' lang='grc' dir='ltr'><em>ἄλλην</em></span> <span class='ocrx_word' id='word_1_32' title='bbox 859 406 967 452; x_wconf 81' lang='grc' dir='ltr'><em>εἶναι</em></span> <span class='ocrx_word' id='word_1_33' title='bbox 998 412 1096 466; x_wconf 86' lang='grc' dir='ltr'><em>παρ’</em></span> <span class='ocrx_word' id='word_1_34' title='bbox 1127 406 1268 460; x_wconf 75' lang='grc' dir='ltr'><em>ἄλλοις</em></span> <span class='ocrx_word' id='word_1_35' title='bbox 1299 412 1379 466; x_wconf 82' lang='grc' dir='ltr'><em>αἐί,</em></span> <span class='ocrx_word' id='word_1_36' title='bbox 1411 411 1484 455; x_wconf 73' lang='grc' dir='ltr'><strong>καὶ</strong></span> <span class='ocrx_word' id='word_1_37' title='bbox 1509 411 1619 456; x_wconf 61' lang='grc' dir='ltr'><em>οὕτω</em></span> <span class='ocrx_word' id='word_1_38' title='bbox 1635 427 1715 468; x_wconf 82' lang='grc' dir='ltr'><strong>με·</strong></span> 
     </span>
     <span class='ocr_line' id='line_1_8' title="bbox 254 474 1721 535; baseline 0.005 -20"><span class='ocrx_word' id='word_1_39' title='bbox 254 480 376 526; x_wconf 85' lang='grc' dir='ltr'><em>σῖτιν,</em></span> <span class='ocrx_word' id='word_1_40' title='bbox 404 474 459 523; x_wconf 78' lang='grc' dir='ltr'><em>ὥς</em></span> <span class='ocrx_word' id='word_1_41' title='bbox 488 475 605 531; x_wconf 84' lang='grc' dir='ltr'><em>ἔφην,</em></span> <span class='ocrx_word' id='word_1_42' title='bbox 635 476 794 532; x_wconf 83' lang='grc' dir='ltr'><em>α’μφοῐν</em></span> <span class='ocrx_word' id='word_1_43' title='bbox 835 480 1054 532; x_wconf 78' lang='grc' dir='ltr'><em>γινομένην</em></span> <span class='ocrx_word' id='word_1_44' title='bbox 1091 476 1163 532; x_wconf 69' lang='grc' dir='ltr'><strong>τήν</strong></span> <span class='ocrx_word' id='word_1_45' title='bbox 1207 481 1280 531; x_wconf 79' lang='grc' dir='ltr'><em>τῆς</em></span> <span class='ocrx_word' id='word_1_46' title='bbox 1315 478 1528 535; x_wconf 72' lang='grc' dir='ltr'><em>ἐνάρθρου</em></span> <span class='ocrx_word' id='word_1_47' title='bbox 1561 474 1721 535; x_wconf 34' lang='grc' dir='ltr'><em>χρείαν-</em></span> 
     </span>
     <span class='ocr_line' id='line_1_9' title="bbox 255 539 1745 598; baseline 0.007 -18"><span class='ocrx_word' id='word_1_48' title='bbox 255 543 409 595; x_wconf 79' lang='grc' dir='ltr'><em>φωνῆς,</em></span> <span class='ocrx_word' id='word_1_49' title='bbox 434 539 510 593; x_wconf 86' lang='grc' dir='ltr'><strong>τήν</strong></span> <span class='ocrx_word' id='word_1_50' title='bbox 539 543 615 582; x_wconf 81' lang='grc' dir='ltr'><strong>τοῦ</strong></span> <span class='ocrx_word' id='word_1_51' title='bbox 645 542 870 591; x_wconf 82' lang='grc' dir='ltr'><em>α’κούοντος</em></span> <span class='ocrx_word' id='word_1_52' title='bbox 900 545 945 598; x_wconf 82' lang='grc' dir='ltr'><strong>τῇ</strong></span> <span class='ocrx_word' id='word_1_53' title='bbox 977 545 1052 584; x_wconf 82' lang='grc' dir='ltr'><strong>τοῦ</strong></span> <span class='ocrx_word' id='word_1_54' title='bbox 1081 545 1268 597; x_wconf 86' lang='grc' dir='ltr'><em>λέγοντος</em></span> <span class='ocrx_word' id='word_1_55' title='bbox 1307 541 1536 588; x_wconf 63' lang='grc' dir='ltr'><em>συνάπτειν</em></span> <span class='ocrx_word' id='word_1_56' title='bbox 1564 545 1745 591; x_wconf 59' lang='lat' dir='ltr'><strong>“iord-5</strong></span> 
     </span>
     <span class='ocr_line' id='line_1_10' title="bbox 248 606 1710 668; baseline 0.005 -21"><span class='ocrx_word' id='word_1_57' title='bbox 248 622 338 660; x_wconf 85' lang='grc' dir='ltr'><em>χως</em></span> <span class='ocrx_word' id='word_1_58' title='bbox 367 609 533 665; x_wconf 78' lang='grc' dir='ltr'><em>διανοίᾳ</em></span> <span class='ocrx_word' id='word_1_59' title='bbox 563 606 666 649; x_wconf 82' lang='grc' dir='ltr'><em>κατιὶ</em></span> <span class='ocrx_word' id='word_1_60' title='bbox 697 607 739 650; x_wconf 86' lang='grc' dir='ltr'><strong>τὸ</strong></span> <span class='ocrx_word' id='word_1_61' title='bbox 772 608 976 662; x_wconf 77' lang='grc' dir='ltr'><em>ἀνάλογον</em></span> <span class='ocrx_word' id='word_1_62' title='bbox 1005 606 1180 666; x_wconf 73' lang='grc' dir='ltr'><em>ἑκάστην</em></span> <span class='ocrx_word' id='word_1_63' title='bbox 1211 608 1390 668; x_wconf 74' lang='grc' dir='ltr'><em>ἑκάστῃ·</em></span> <span class='ocrx_word' id='word_1_64' title='bbox 1432 609 1710 668; x_wconf 78' lang='grc' dir='ltr'><em>μορφουμένη</em></span> 
     </span>
     <span class='ocr_line' id='line_1_11' title="bbox 250 670 1711 734; baseline 0.005 -21"><span class='ocrx_word' id='word_1_65' title='bbox 250 670 331 726; x_wconf 80' lang='grc' dir='ltr'><strong>γὰρ</strong></span> <span class='ocrx_word' id='word_1_66' title='bbox 363 670 471 728; x_wconf 67' lang='grc' dir='ltr'><em>αὕτη</em></span> <span class='ocrx_word' id='word_1_67' title='bbox 515 675 586 715; x_wconf 81' lang='grc' dir='ltr'><strong>καὶ</strong></span> <span class='ocrx_word' id='word_1_68' title='bbox 618 672 949 730; x_wconf 72' lang='grc' dir='ltr'><em>διαπλαττομένη</em></span> <span class='ocrx_word' id='word_1_69' title='bbox 996 675 1158 731; x_wconf 68' lang='grc' dir='ltr'><em>ῥήμασί</em></span> <span class='ocrx_word' id='word_1_70' title='bbox 1192 692 1236 719; x_wconf 86' lang='grc' dir='ltr'><strong>τε</strong></span> <span class='ocrx_word' id='word_1_71' title='bbox 1273 679 1346 718; x_wconf 80' lang='grc' dir='ltr'><strong>καί</strong></span> <span class='ocrx_word' id='word_1_72' title='bbox 1386 677 1563 730; x_wconf 80' lang='grc' dir='ltr'><em>ὀνόμασι</em></span> <span class='ocrx_word' id='word_1_73' title='bbox 1593 675 1711 734; x_wconf 83' lang='grc' dir='ltr'><em>λόγος</em></span> 
     </span>
     <span class='ocr_line' id='line_1_12' title="bbox 248 738 1706 799; baseline 0.005 -20"><span class='ocrx_word' id='word_1_74' title='bbox 248 740 403 792; x_wconf 84' lang='grc' dir='ltr'><em>γίνεται</em></span> <span class='ocrx_word' id='word_1_75' title='bbox 433 738 625 794; x_wconf 81' lang='grc' dir='ltr'><em>σχήμασι</em></span> <span class='ocrx_word' id='word_1_76' title='bbox 653 745 854 790; x_wconf 81' lang='grc' dir='ltr'><em>ποικίλοις</em></span> <span class='ocrx_word' id='word_1_77' title='bbox 886 743 956 783; x_wconf 85' lang='grc' dir='ltr'>καί</span> <span class='ocrx_word' id='word_1_78' title='bbox 983 744 1137 796; x_wconf 80' lang='grc' dir='ltr'><em>α’ρχαῖς</em></span> <span class='ocrx_word' id='word_1_79' title='bbox 1167 743 1236 785; x_wconf 86' lang='grc' dir='ltr'><strong><em>καί</em></strong></span> <span class='ocrx_word' id='word_1_80' title='bbox 1263 746 1455 799; x_wconf 80' lang='grc' dir='ltr'><em>πέρασιν·</em></span> <span class='ocrx_word' id='word_1_81' title='bbox 1474 743 1628 799; x_wconf 75' lang='grc' dir='ltr'><em>ὁρίζων</em></span> <span class='ocrx_word' id='word_1_82' title='bbox 1659 742 1706 787; x_wconf 83' lang='grc' dir='ltr'><strong>τό</strong></span> 
     </span>
     <span class='ocr_line' id='line_1_13' title="bbox 250 800 1710 866; baseline 0.005 -20"><span class='ocrx_word' id='word_1_83' title='bbox 250 806 322 858; x_wconf 77' lang='grc' dir='ltr'><em>τῆς</em></span> <span class='ocrx_word' id='word_1_84' title='bbox 351 800 453 861; x_wconf 68' lang='grc' dir='ltr'><em>ὕλης</em></span> <span class='ocrx_word' id='word_1_85' title='bbox 496 805 697 862; x_wconf 73' lang='grc' dir='ltr'><em>ἀόριστόν</em></span> <span class='ocrx_word' id='word_1_86' title='bbox 729 823 773 849; x_wconf 83' lang='grc' dir='ltr'><strong>τε</strong></span> <span class='ocrx_word' id='word_1_87' title='bbox 818 810 891 850; x_wconf 84' lang='grc' dir='ltr'><em>καί</em></span> <span class='ocrx_word' id='word_1_88' title='bbox 921 803 1099 866; x_wconf 70' lang='grc' dir='ltr'><em>ἄφετον,</em></span> <span class='ocrx_word' id='word_1_89' title='bbox 1149 810 1221 852; x_wconf 87' lang='grc' dir='ltr'>καί</span> <span class='ocrx_word' id='word_1_90' title='bbox 1258 806 1371 854; x_wconf 72' lang='grc' dir='ltr'><em>οὕτω</em></span> <span class='ocrx_word' id='word_1_91' title='bbox 1400 816 1486 861; x_wconf 81' lang='grc' dir='ltr'><em>τοῖς</em></span> <span class='ocrx_word' id='word_1_92' title='bbox 1525 809 1605 862; x_wconf 80' lang='grc' dir='ltr'><strong>ἔξω</strong></span> <span class='ocrx_word' id='word_1_93' title='bbox 1635 810 1710 866; x_wconf 71' lang='grc' dir='ltr'><em>τήν</em></span> 
     </span>
     <span class='ocr_line' id='line_1_14' title="bbox 252 868 1826 936; baseline 0.006 -24"><span class='ocrx_word' id='word_1_94' title='bbox 252 868 371 913; x_wconf 80' lang='grc' dir='ltr'><em>ἔνδον</em></span> <span class='ocrx_word' id='word_1_95' title='bbox 413 868 592 915; x_wconf 71' lang='grc' dir='ltr'><em>ἑκάστου</em></span> <span class='ocrx_word' id='word_1_96' title='bbox 635 872 839 929; x_wconf 76' lang='grc' dir='ltr'><em>βούλησιν</em></span> <span class='ocrx_word' id='word_1_97' title='bbox 884 877 1168 930; x_wconf 75' lang='grc' dir='ltr'><em>ἀπαγγέλλων.</em></span> <span class='ocrx_word' id='word_1_98' title='bbox 1227 877 1333 932; x_wconf 78' lang='grc' dir='ltr'><em>πλὴν</em></span> <span class='ocrx_word' id='word_1_99' title='bbox 1372 875 1540 932; x_wconf 75' lang='grc' dir='ltr'><em>οὖχώς</em></span> <span class='ocrx_word' id='word_1_100' title='bbox 1561 876 1767 932; x_wconf 77' lang='grc' dir='ltr'><em>ἕτυχεν10</em></span> <span class='ocrx_word' id='word_1_101' title='bbox 1821 888 1826 936; x_wconf 61' lang='lat'>3</span> 
     </span>
     <span class='ocr_line' id='line_1_15' title="bbox 254 939 1826 1018; baseline 0.005 -39"><span class='ocrx_word' id='word_1_102' title='bbox 254 939 439 989; x_wconf 82' lang='grc' dir='ltr'><em>α’τάκτως</em></span> <span class='ocrx_word' id='word_1_103' title='bbox 481 943 688 995; x_wconf 79' lang='grc' dir='ltr'><em>φέρεσθαι</em></span> <span class='ocrx_word' id='word_1_104' title='bbox 721 941 794 982; x_wconf 84' lang='grc' dir='ltr'><em>καί</em></span> <span class='ocrx_word' id='word_1_105' title='bbox 823 941 926 984; x_wconf 77' lang='grc' dir='ltr'><em>κατὰ</em></span> <span class='ocrx_word' id='word_1_106' title='bbox 967 942 1039 997; x_wconf 72' lang='grc' dir='ltr'><strong>τήν</strong></span> <span class='ocrx_word' id='word_1_107' title='bbox 1081 941 1266 986; x_wconf 74' lang='grc' dir='ltr'><em>ἑκάστων</em></span> <span class='ocrx_word' id='word_1_108' title='bbox 1301 943 1508 1000; x_wconf 77' lang='grc' dir='ltr'><em>διάφορον</em></span> <span class='ocrx_word' id='word_1_109' title='bbox 1537 947 1711 1000; x_wconf 76' lang='grc' dir='ltr'><em>θέλησιν</em></span> <span class='ocrx_word' id='word_1_110' title='bbox 1816 949 1826 1018; x_wconf 48' lang='grc' dir='ltr'>ἶ</span> 
     </span>
     <span class='ocr_line' id='line_1_16' title="bbox 254 1005 1826 1066; baseline 0.004 -18"><span class='ocrx_word' id='word_1_111' title='bbox 254 1005 277 1061; x_wconf 84' lang='grc' dir='ltr'><strong><em>ἧ</em></strong></span> <span class='ocrx_word' id='word_1_112' title='bbox 307 1009 438 1062; x_wconf 85' lang='grc' dir='ltr'><em>σοφία</em></span> <span class='ocrx_word' id='word_1_113' title='bbox 465 1007 637 1049; x_wconf 84' lang='grc' dir='ltr'><em>κατόπιν</em></span> <span class='ocrx_word' id='word_1_114' title='bbox 667 1009 902 1062; x_wconf 77' lang='grc' dir='ltr'><em>έληλυθυῖα</em></span> <span class='ocrx_word' id='word_1_115' title='bbox 932 1008 1046 1062; x_wconf 80' lang='grc' dir='ltr'><em>παρὰ</em></span> <span class='ocrx_word' id='word_1_116' title='bbox 1076 1013 1179 1051; x_wconf 78' lang='grc' dir='ltr'><em>θεοῦ</em></span> <span class='ocrx_word' id='word_1_117' title='bbox 1208 1017 1294 1060; x_wconf 80' lang='grc' dir='ltr'><em>τοῖς</em></span> <span class='ocrx_word' id='word_1_118' title='bbox 1321 1009 1561 1065; x_wconf 75' lang='grc' dir='ltr'><em>ἀνθρώποις</em></span> <span class='ocrx_word' id='word_1_119' title='bbox 1589 1009 1709 1066; x_wconf 76' lang='grc' dir='ltr'><strong>ἆφῆ-</strong></span> <span class='ocrx_word' id='word_1_120' title='bbox 1819 1019 1826 1065; x_wconf 55' lang='lat' dir='ltr'><strong>l</strong></span> 
     </span>
     <span class='ocr_line' id='line_1_17' title="bbox 1814 1117 1826 1149; baseline 0 0"><span class='ocrx_word' id='word_1_121' title='bbox 1814 1117 1826 1149; x_wconf 42' lang='lat' dir='ltr'><strong>*i</strong></span> 
     </span>
    </p>
   </div>
   <div class='ocr_carea' id='block_1_6' title="bbox 1810 462 1826 485">
    <p class='ocr_par' dir='ltr' id='par_1_6' title="bbox 1810 462 1826 485">
     <span class='ocr_line' id='line_1_18' title="bbox 1810 462 1826 471; baseline 0 0"><span class='ocrx_word' id='word_1_122' title='bbox 1810 462 1826 471; x_wconf 68' lang='lat' dir='ltr'><strong>ac</strong></span> 
     </span>
     <span class='ocr_line' id='line_1_19' title="bbox 1820 475 1826 485; baseline 0 0"><span class='ocrx_word' id='word_1_123' title='bbox 1820 475 1826 485; x_wconf 61' lang='lat' dir='ltr'><em>a</em></span> 
     </span>
    </p>
   </div>
   <div class='ocr_carea' id='block_1_7' title="bbox 1820 545 1826 586">
    <p class='ocr_par' dir='ltr' id='par_1_7' title="bbox 1820 545 1826 586">
     <span class='ocr_line' id='line_1_20' title="bbox 1820 545 1826 563; baseline 0 0"><span class='ocrx_word' id='word_1_124' title='bbox 1820 545 1826 563; x_wconf 84' lang='grc'>1</span> 
     </span>
     <span class='ocr_line' id='line_1_21' title="bbox 1823 573 1826 586; baseline 0 0"><span class='ocrx_word' id='word_1_125' title='bbox 1823 573 1826 586; x_wconf 81' lang='grc' dir='ltr'><em>ι</em></span> 
     </span>
    </p>
   </div>
   <div class='ocr_carea' id='block_1_8' title="bbox 244 1071 1813 1801">
    <p class='ocr_par' dir='ltr' id='par_1_8' title="bbox 244 1071 1813 1801">
     <span class='ocr_line' id='line_1_22' title="bbox 252 1071 1707 1132; baseline 0.003 -19"><span class='ocrx_word' id='word_1_126' title='bbox 252 1088 334 1124; x_wconf 82' lang='grc' dir='ltr'><em>κεν,</em></span> <span class='ocrx_word' id='word_1_127' title='bbox 366 1071 473 1114; x_wconf 82' lang='grc' dir='ltr'><em>α’λλὰ</em></span> <span class='ocrx_word' id='word_1_128' title='bbox 504 1072 644 1126; x_wconf 85' lang='grc' dir='ltr'><em>νόμοις</em></span> <span class='ocrx_word' id='word_1_129' title='bbox 677 1074 746 1115; x_wconf 84' lang='grc' dir='ltr'><em>καί</em></span> <span class='ocrx_word' id='word_1_130' title='bbox 777 1074 947 1116; x_wconf 85' lang='grc' dir='ltr'><em>κανόσιν</em></span> <span class='ocrx_word' id='word_1_131' title='bbox 967 1077 1171 1127; x_wconf 67' lang='grc' dir='ltr'><em>ὕπέζευξε</em></span> <span class='ocrx_word' id='word_1_132' title='bbox 1192 1074 1348 1132; x_wconf 79' lang='grc' dir='ltr'><em>ταύτην</em></span> <span class='ocrx_word' id='word_1_133' title='bbox 1378 1076 1481 1119; x_wconf 79' lang='grc' dir='ltr'><em>κατὰ</em></span> <span class='ocrx_word' id='word_1_134' title='bbox 1504 1074 1577 1126; x_wconf 73' lang='grc' dir='ltr'><em>τὰς</em></span> <span class='ocrx_word' id='word_1_135' title='bbox 1609 1077 1707 1132; x_wconf 80' lang='grc' dir='ltr'><em>παρ’</em></span> 
     </span>
     <span class='ocr_line' id='line_1_23' title="bbox 250 1134 1708 1199; baseline 0.004 -19"><span class='ocrx_word' id='word_1_136' title='bbox 250 1136 441 1189; x_wconf 72' lang='grc' dir='ltr'><em>ἑκάστοις</em></span> <span class='ocrx_word' id='word_1_137' title='bbox 470 1141 694 1195; x_wconf 76' lang='grc' dir='ltr'><em>συνθήκας.</em></span> <span class='ocrx_word' id='word_1_138' title='bbox 756 1134 813 1183; x_wconf 70' lang='grc' dir='ltr'><strong>ὧν</strong></span> <span class='ocrx_word' id='word_1_139' title='bbox 843 1144 972 1191; x_wconf 80' lang='grc' dir='ltr'><em>ἐνίαις</em></span> <span class='ocrx_word' id='word_1_140' title='bbox 1017 1144 1149 1184; x_wconf 81' lang='grc' dir='ltr'><em>ἐνίοτε</em></span> <span class='ocrx_word' id='word_1_141' title='bbox 1179 1145 1251 1185; x_wconf 79' lang='grc' dir='ltr'><strong>καί</strong></span> <span class='ocrx_word' id='word_1_142' title='bbox 1282 1145 1459 1198; x_wconf 76' lang='grc' dir='ltr'><em>ἐνιαχοῦ</em></span> <span class='ocrx_word' id='word_1_143' title='bbox 1487 1143 1546 1199; x_wconf 75' lang='grc' dir='ltr'><strong>μὴ</strong></span> <span class='ocrx_word' id='word_1_144' title='bbox 1580 1141 1708 1197; x_wconf 87' lang='grc' dir='ltr'><em>μόνον</em></span> 
     </span>
     <span class='ocr_line' id='line_1_24' title="bbox 250 1204 1763 1265; baseline 0.004 -18"><span class='ocrx_word' id='word_1_145' title='bbox 250 1204 353 1248; x_wconf 81' lang='grc' dir='ltr'><strong>κατὰ</strong></span> <span class='ocrx_word' id='word_1_146' title='bbox 390 1208 618 1262; x_wconf 76' lang='grc' dir='ltr'><em>θρησκείαν</em></span> <span class='ocrx_word' id='word_1_147' title='bbox 645 1207 720 1257; x_wconf 83' lang='grc' dir='ltr'><em>τὰς</em></span> <span class='ocrx_word' id='word_1_148' title='bbox 747 1211 959 1263; x_wconf 86' lang='grc' dir='ltr'><em>σημασίας</em></span> <span class='ocrx_word' id='word_1_149' title='bbox 986 1210 1129 1251; x_wconf 77' lang='grc' dir='ltr'><em>ἕπεται</em></span> <span class='ocrx_word' id='word_1_150' title='bbox 1154 1212 1351 1265; x_wconf 82' lang='grc' dir='ltr'><em>διαιρεῖν,</em></span> <span class='ocrx_word' id='word_1_151' title='bbox 1382 1209 1489 1253; x_wconf 81' lang='grc' dir='ltr'><em>α’λλὰ</em></span> <span class='ocrx_word' id='word_1_152' title='bbox 1507 1211 1580 1252; x_wconf 81' lang='grc' dir='ltr'>καί</span> <span class='ocrx_word' id='word_1_153' title='bbox 1608 1213 1706 1252; x_wconf 57' lang='grc' dir='ltr'><em>καθ’</em></span> <span class='ocrx_word' id='word_1_154' title='bbox 1721 1211 1763 1247; x_wconf 79' lang='grc'><strong>15</strong></span> 
     </span>
     <span class='ocr_line' id='line_1_25' title="bbox 249 1269 1707 1332; baseline 0.003 -19"><span class='ocrx_word' id='word_1_155' title='bbox 249 1269 494 1325; x_wconf 76' lang='grc' dir='ltr'><em>ὁμωνυμίας</em></span> <span class='ocrx_word' id='word_1_156' title='bbox 523 1275 596 1315; x_wconf 83' lang='grc' dir='ltr'>καί</span> <span class='ocrx_word' id='word_1_157' title='bbox 624 1275 933 1327; x_wconf 84' lang='grc' dir='ltr'><em>πολυωνυμίας.</em></span> <span class='ocrx_word' id='word_1_158' title='bbox 990 1278 1107 1318; x_wconf 85' lang='grc' dir='ltr'><em>δυοῖν</em></span> <span class='ocrx_word' id='word_1_159' title='bbox 1139 1278 1218 1331; x_wconf 83' lang='grc' dir='ltr'><strong>γὰρ</strong></span> <span class='ocrx_word' id='word_1_160' title='bbox 1258 1278 1454 1332; x_wconf 78' lang='grc' dir='ltr'><em>θάτερον,</em></span> <span class='ocrx_word' id='word_1_161' title='bbox 1487 1271 1512 1332; x_wconf 75' lang='grc' dir='ltr'><em>ἢ</em></span> <span class='ocrx_word' id='word_1_162' title='bbox 1545 1272 1707 1332; x_wconf 81' lang='grc' dir='ltr'><em>διαφό-</em></span> 
     </span>
     <span class='ocr_line' id='line_1_26' title="bbox 249 1337 1705 1401; baseline 0.005 -22"><span class='ocrx_word' id='word_1_163' title='bbox 249 1355 337 1393; x_wconf 86' lang='grc' dir='ltr'><em>ροις</em></span> <span class='ocrx_word' id='word_1_164' title='bbox 367 1337 542 1392; x_wconf 84' lang='grc' dir='ltr'><em>όνὸμασι</em></span> <span class='ocrx_word' id='word_1_165' title='bbox 567 1340 619 1382; x_wconf 80' lang='grc' dir='ltr'><strong>τὰ</strong></span> <span class='ocrx_word' id='word_1_166' title='bbox 650 1340 758 1382; x_wconf 66' lang='grc' dir='ltr'><em>αὐτὰ</em></span> <span class='ocrx_word' id='word_1_167' title='bbox 791 1348 877 1390; x_wconf 85' lang='grc' dir='ltr'><em>τοῖς</em></span> <span class='ocrx_word' id='word_1_168' title='bbox 900 1344 949 1398; x_wconf 82' lang='grc' dir='ltr'><strong>τῇ</strong></span> <span class='ocrx_word' id='word_1_169' title='bbox 979 1346 1086 1400; x_wconf 82' lang='grc' dir='ltr'><em>αὐτῇ</em></span> <span class='ocrx_word' id='word_1_170' title='bbox 1118 1346 1319 1401; x_wconf 78' lang='grc' dir='ltr'><em>διαλέκτῳ</em></span> <span class='ocrx_word' id='word_1_171' title='bbox 1339 1346 1573 1399; x_wconf 80' lang='grc' dir='ltr'><em>χρωμένοις</em></span> <span class='ocrx_word' id='word_1_172' title='bbox 1598 1361 1705 1398; x_wconf 77' lang='grc' dir='ltr'><em>γνω-</em></span> 
     </span>
     <span class='ocr_line' id='line_1_27' title="bbox 249 1402 1706 1469; baseline 0.004 -22"><span class='ocrx_word' id='word_1_173' title='bbox 249 1407 435 1460; x_wconf 85' lang='grc' dir='ltr'><em>ρίζονται</em></span> <span class='ocrx_word' id='word_1_174' title='bbox 467 1402 706 1459; x_wconf 74' lang='grc' dir='ltr'><em>πράγματα,</em></span> <span class='ocrx_word' id='word_1_175' title='bbox 738 1403 765 1461; x_wconf 74' lang='grc' dir='ltr'><em>ἢ</em></span> <span class='ocrx_word' id='word_1_176' title='bbox 794 1410 872 1465; x_wconf 78' lang='grc' dir='ltr'><strong>μιᾷ</strong></span> <span class='ocrx_word' id='word_1_177' title='bbox 902 1410 1156 1469; x_wconf 74' lang='grc' dir='ltr'><em>προσηγορίᾳ</em></span> <span class='ocrx_word' id='word_1_178' title='bbox 1186 1410 1236 1452; x_wconf 82' lang='grc' dir='ltr'><strong>τοὶ</strong></span> <span class='ocrx_word' id='word_1_179' title='bbox 1263 1408 1449 1466; x_wconf 77' lang='grc' dir='ltr'><em>διάφορα</em></span> <span class='ocrx_word' id='word_1_180' title='bbox 1469 1412 1549 1452; x_wconf 74' lang='grc' dir='ltr'><strong>τῶν</strong></span> <span class='ocrx_word' id='word_1_181' title='bbox 1569 1426 1706 1465; x_wconf 84' lang='grc' dir='ltr'><em>πραγ-</em></span> 
     </span>
     <span class='ocr_line' id='line_1_28' title="bbox 246 1468 1705 1532; baseline 0.003 -19"><span class='ocrx_word' id='word_1_182' title='bbox 246 1473 402 1526; x_wconf 74' lang='grc' dir='ltr'><em>μάτων,</em></span> <span class='ocrx_word' id='word_1_183' title='bbox 432 1468 460 1526; x_wconf 77' lang='grc' dir='ltr'><em>ἢ</em></span> <span class='ocrx_word' id='word_1_184' title='bbox 487 1471 642 1515; x_wconf 72' lang='grc' dir='ltr'><em>τούτων</em></span> <span class='ocrx_word' id='word_1_185' title='bbox 671 1476 747 1526; x_wconf 84' lang='grc' dir='ltr'><strong>μὲν</strong></span> <span class='ocrx_word' id='word_1_186' title='bbox 778 1475 1013 1528; x_wconf 70' lang='grc' dir='ltr'><em>οὐδετέροις</em></span> <span class='ocrx_word' id='word_1_187' title='bbox 1041 1476 1164 1532; x_wconf 76' lang='grc' dir='ltr'><em>ἕτερά</em></span> <span class='ocrx_word' id='word_1_188' title='bbox 1185 1493 1230 1531; x_wconf 81' lang='grc' dir='ltr'><strong>γε</strong></span> <span class='ocrx_word' id='word_1_189' title='bbox 1259 1477 1345 1530; x_wconf 79' lang='grc' dir='ltr'><strong>μὴν</strong></span> <span class='ocrx_word' id='word_1_190' title='bbox 1371 1473 1545 1532; x_wconf 75' lang='grc' dir='ltr'><em>ἑτέροις.</em></span> <span class='ocrx_word' id='word_1_191' title='bbox 1603 1476 1705 1518; x_wconf 80' lang='grc' dir='ltr'><em>τού-</em></span> 
     </span>
     <span class='ocr_line' id='line_1_29' title="bbox 244 1534 1813 1600; baseline 0.002 -18"><span class='ocrx_word' id='word_1_192' title='bbox 244 1556 325 1582; x_wconf 85' lang='grc' dir='ltr'><em>των</em></span> <span class='ocrx_word' id='word_1_193' title='bbox 357 1541 396 1580; x_wconf 80' lang='lat'><strong>‹5’</strong></span> <span class='ocrx_word' id='word_1_194' title='bbox 425 1534 557 1588; x_wconf 73' lang='grc' dir='ltr'><em>οὕτως</em></span> <span class='ocrx_word' id='word_1_195' title='bbox 588 1538 771 1592; x_wconf 77' lang='grc' dir='ltr'><em>ἑχόντων</em></span> <span class='ocrx_word' id='word_1_196' title='bbox 802 1543 874 1584; x_wconf 84' lang='grc' dir='ltr'>καί</span> <span class='ocrx_word' id='word_1_197' title='bbox 900 1540 1055 1584; x_wconf 79' lang='grc' dir='ltr'><em>οὑτωσὶ</em></span> <span class='ocrx_word' id='word_1_198' title='bbox 1081 1546 1483 1600; x_wconf 72' lang='grc' dir='ltr'><em>προδιαληφθέντων</em></span> <span class='ocrx_word' id='word_1_199' title='bbox 1502 1543 1760 1586; x_wconf 73' lang='grc' dir='ltr'><em>α’νακτέον20</em></span> <span class='ocrx_word' id='word_1_200' title='bbox 1812 1539 1813 1542; x_wconf 28' lang='grc'><strong>“</strong></span> 
     </span>
     <span class='ocr_line' id='line_1_30' title="bbox 247 1602 1701 1666; baseline 0.004 -20"><span class='ocrx_word' id='word_1_201' title='bbox 247 1602 299 1647; x_wconf 75' lang='grc' dir='ltr'><strong>ἂν</strong></span> <span class='ocrx_word' id='word_1_202' title='bbox 328 1605 393 1660; x_wconf 82' lang='grc' dir='ltr'><strong>εἴη</strong></span> <span class='ocrx_word' id='word_1_203' title='bbox 437 1605 512 1659; x_wconf 75' lang='grc' dir='ltr'><em>τὴν</em></span> <span class='ocrx_word' id='word_1_204' title='bbox 539 1608 725 1660; x_wconf 68' lang='grc' dir='ltr'><em>γλῶτταν</em></span> <span class='ocrx_word' id='word_1_205' title='bbox 766 1608 863 1662; x_wconf 79' lang='grc' dir='ltr'><em>ἡμῖν</em></span> <span class='ocrx_word' id='word_1_206' title='bbox 905 1611 963 1658; x_wconf 84' lang='grc' dir='ltr'><em>εἰς</em></span> <span class='ocrx_word' id='word_1_207' title='bbox 992 1610 1039 1651; x_wconf 87' lang='grc' dir='ltr'><strong>τὸ</strong></span> <span class='ocrx_word' id='word_1_208' title='bbox 1083 1611 1281 1665; x_wconf 85' lang='grc' dir='ltr'><em>πρότερον</em></span> <span class='ocrx_word' id='word_1_209' title='bbox 1307 1610 1422 1666; x_wconf 86' lang='grc' dir='ltr'><em>ἴχνος</em></span> <span class='ocrx_word' id='word_1_210' title='bbox 1459 1612 1534 1653; x_wconf 78' lang='grc' dir='ltr'><strong>τοῦ</strong></span> <span class='ocrx_word' id='word_1_211' title='bbox 1560 1609 1701 1666; x_wconf 84' lang='grc' dir='ltr'><em>λόγου.</em></span> 
     </span>
     <span class='ocr_line' id='line_1_31' title="bbox 244 1671 1701 1731; baseline 0.003 -16"><span class='ocrx_word' id='word_1_212' title='bbox 244 1671 288 1715; x_wconf 84' lang='grc' dir='ltr'><strong>τὸ</strong></span> <span class='ocrx_word' id='word_1_213' title='bbox 320 1674 368 1713; x_wconf 83' lang='grc' dir='ltr'><strong>δέ</strong></span> <span class='ocrx_word' id='word_1_214' title='bbox 396 1674 485 1715; x_wconf 83' lang='grc' dir='ltr'><em>ἐστι</em></span> <span class='ocrx_word' id='word_1_215' title='bbox 526 1675 663 1724; x_wconf 69' lang='grc' dir='ltr'><em>δεῖξαι</em></span> <span class='ocrx_word' id='word_1_216' title='bbox 709 1675 782 1730; x_wconf 81' lang='grc' dir='ltr'><strong>τήν</strong></span> <span class='ocrx_word' id='word_1_217' title='bbox 823 1678 905 1718; x_wconf 73' lang='grc' dir='ltr'><em>ταῖν</em></span> <span class='ocrx_word' id='word_1_218' title='bbox 943 1678 1106 1717; x_wconf 74' lang='grc' dir='ltr'><em>πολλῶν</em></span> <span class='ocrx_word' id='word_1_219' title='bbox 1144 1678 1311 1719; x_wconf 75' lang='grc' dir='ltr'><em>ἐκείνων</em></span> <span class='ocrx_word' id='word_1_220' title='bbox 1348 1675 1564 1731; x_wconf 76' lang='grc' dir='ltr'><em>ὀνομάτων</em></span> <span class='ocrx_word' id='word_1_221' title='bbox 1592 1675 1701 1731; x_wconf 76' lang='grc' dir='ltr'><em>ὁμό-</em></span> 
     </span>
     <span class='ocr_line' id='line_1_32' title="bbox 245 1739 1700 1801; baseline 0.003 -19"><span class='ocrx_word' id='word_1_222' title='bbox 245 1739 362 1782; x_wconf 81' lang='grc' dir='ltr'><em>νοιάν</em></span> <span class='ocrx_word' id='word_1_223' title='bbox 390 1754 433 1782; x_wconf 82' lang='grc' dir='ltr'><strong>τε</strong></span> <span class='ocrx_word' id='word_1_224' title='bbox 474 1741 547 1781; x_wconf 83' lang='grc' dir='ltr'><strong><em>καί</em></strong></span> <span class='ocrx_word' id='word_1_225' title='bbox 571 1743 826 1797; x_wconf 84' lang='grc' dir='ltr'><em>συμφωνίαν</em></span> <span class='ocrx_word' id='word_1_226' title='bbox 865 1741 1070 1799; x_wconf 74' lang='grc' dir='ltr'><em>καὶπρὸς</em></span> <span class='ocrx_word' id='word_1_227' title='bbox 1111 1742 1156 1785; x_wconf 82' lang='grc' dir='ltr'><strong>τό</strong></span> <span class='ocrx_word' id='word_1_228' title='bbox 1195 1743 1349 1799; x_wconf 84' lang='grc' dir='ltr'><em>κυρίως</em></span> <span class='ocrx_word' id='word_1_229' title='bbox 1380 1741 1425 1787; x_wconf 82' lang='grc' dir='ltr'><strong>ἓν</strong></span> <span class='ocrx_word' id='word_1_230' title='bbox 1462 1742 1700 1801; x_wconf 71' lang='grc' dir='ltr'><em>ἀναφοράν,</em></span> 
     </span>
    </p>
   </div>
   <div class='ocr_carea' id='block_1_9' title="bbox 240 1944 1747 2794">
    <p class='ocr_par' dir='ltr' id='par_1_9' title="bbox 240 1944 1815 2794">
     <span class='ocr_line' id='line_1_33' title="bbox 245 1944 1697 1992; baseline 0.001 -12"><span class='ocrx_word' id='word_1_231' title='bbox 245 1944 287 1980; x_wconf 83' lang='lat' dir='ltr'><strong>ad</strong></span> <span class='ocrx_word' id='word_1_232' title='bbox 313 1944 579 1980; x_wconf 89' lang='lat' dir='ltr'><strong>similitudinem</strong></span> <span class='ocrx_word' id='word_1_233' title='bbox 612 1947 866 1991; x_wconf 85' lang='lat' dir='ltr'><strong>cogitatorum,</strong></span> <span class='ocrx_word' id='word_1_234' title='bbox 901 1948 1154 1981; x_wconf 87' lang='lat' dir='ltr'><strong>accommodari</strong></span> <span class='ocrx_word' id='word_1_235' title='bbox 1187 1953 1301 1981; x_wconf 81' lang='lat' dir='ltr'><strong>autem</strong></span> <span class='ocrx_word' id='word_1_236' title='bbox 1337 1947 1467 1991; x_wconf 79' lang='lat' dir='ltr'><strong>rebus,</strong></span> <span class='ocrx_word' id='word_1_237' title='bbox 1509 1948 1601 1992; x_wconf 90' lang='lat' dir='ltr'><strong>quod</strong></span> <span class='ocrx_word' id='word_1_238' title='bbox 1626 1946 1697 1981; x_wconf 83' lang='lat' dir='ltr'><strong>alio</strong></span> 
     </span>
     <span class='ocr_line' id='line_1_34' title="bbox 244 1993 1747 2039; baseline 0.001 -13"><span class='ocrx_word' id='word_1_239' title='bbox 244 1993 345 2026; x_wconf 89' lang='lat' dir='ltr'><strong>nullo</strong></span> <span class='ocrx_word' id='word_1_240' title='bbox 372 1994 473 2026; x_wconf 91' lang='lat' dir='ltr'><strong>modo</strong></span> <span class='ocrx_word' id='word_1_241' title='bbox 501 1993 641 2026; x_wconf 76' lang='lat' dir='ltr'><strong>facilius</strong></span> <span class='ocrx_word' id='word_1_242' title='bbox 670 2000 722 2027; x_wconf 89' lang='lat' dir='ltr'><strong>est</strong></span> <span class='ocrx_word' id='word_1_243' title='bbox 741 1995 882 2028; x_wconf 90' lang='lat' dir='ltr'><strong>animali</strong></span> <span class='ocrx_word' id='word_1_244' title='bbox 908 1997 1046 2029; x_wconf 89' lang='lat' dir='ltr'><strong>ratione</strong></span> <span class='ocrx_word' id='word_1_245' title='bbox 1070 1996 1230 2039; x_wconf 82' lang='lat' dir='ltr'><strong>praedito</strong></span> <span class='ocrx_word' id='word_1_246' title='bbox 1250 2005 1351 2039; x_wconf 82' lang='lat' dir='ltr'><strong>quam</strong></span> <span class='ocrx_word' id='word_1_247' title='bbox 1380 1996 1471 2029; x_wconf 80' lang='lat' dir='ltr'><strong>voce</strong></span> <span class='ocrx_word' id='word_1_248' title='bbox 1497 1994 1696 2037; x_wconf 75' lang='lat' dir='ltr'><strong>articulata,</strong></span> <span class='ocrx_word' id='word_1_249' title='bbox 1736 2014 1747 2019; x_wconf 35' lang='grc' dir='ltr'>κ</span> 
     </span>
     <span class='ocr_line' id='line_1_35' title="bbox 246 2040 1696 2087; baseline 0.001 -14"><span class='ocrx_word' id='word_1_250' title='bbox 246 2051 335 2085; x_wconf 89' lang='lat' dir='ltr'><strong>quae</strong></span> <span class='ocrx_word' id='word_1_251' title='bbox 363 2040 510 2073; x_wconf 83' lang='lat' dir='ltr'><strong>formata</strong></span> <span class='ocrx_word' id='word_1_252' title='bbox 536 2045 589 2073; x_wconf 88' lang='lat' dir='ltr'><strong>est</strong></span> <span class='ocrx_word' id='word_1_253' title='bbox 603 2043 838 2075; x_wconf 85' lang='lat' dir='ltr'><strong>consensione</strong></span> <span class='ocrx_word' id='word_1_254' title='bbox 862 2042 1039 2076; x_wconf 88' lang='lat' dir='ltr'><strong>hominum</strong></span> <span class='ocrx_word' id='word_1_255' title='bbox 1064 2044 1328 2087; x_wconf 85' lang='lat' dir='ltr'><strong>ingeniosorum</strong></span> <span class='ocrx_word' id='word_1_256' title='bbox 1345 2044 1387 2076; x_wconf 84' lang='lat' dir='ltr'><strong>ad</strong></span> <span class='ocrx_word' id='word_1_257' title='bbox 1401 2042 1506 2075; x_wconf 81' lang='lat' dir='ltr'><strong>aliam</strong></span> <span class='ocrx_word' id='word_1_258' title='bbox 1519 2042 1696 2086; x_wconf 78' lang='lat' dir='ltr'><strong>aliamque</strong></span> 
     </span>
     <span class='ocr_line' id='line_1_36' title="bbox 244 2088 1694 2134; baseline 0.001 -12"><span class='ocrx_word' id='word_1_259' title='bbox 244 2088 530 2130; x_wconf 75' lang='lat' dir='ltr'><strong>superstitionem</strong></span> <span class='ocrx_word' id='word_1_260' title='bbox 550 2093 585 2120; x_wconf 89' lang='lat' dir='ltr'><strong>et</strong></span> <span class='ocrx_word' id='word_1_261' title='bbox 601 2088 801 2131; x_wconf 82' lang='lat' dir='ltr'><strong>dialectum,</strong></span> <span class='ocrx_word' id='word_1_262' title='bbox 827 2095 865 2122; x_wconf 89' lang='lat' dir='ltr'><strong>ut</strong></span> <span class='ocrx_word' id='word_1_263' title='bbox 881 2091 961 2122; x_wconf 87' lang='lat' dir='ltr'><strong>inde</strong></span> <span class='ocrx_word' id='word_1_264' title='bbox 987 2089 1218 2134; x_wconf 82' lang='lat' dir='ltr'><strong>intelligatur,</strong></span> <span class='ocrx_word' id='word_1_265' title='bbox 1245 2099 1316 2122; x_wconf 91' lang='lat' dir='ltr'><strong>non</strong></span> <span class='ocrx_word' id='word_1_266' title='bbox 1341 2090 1432 2133; x_wconf 81' lang='lat' dir='ltr'><strong>apud</strong></span> <span class='ocrx_word' id='word_1_267' title='bbox 1458 2099 1579 2122; x_wconf 86' lang='lat' dir='ltr'><strong>omnes</strong></span> <span class='ocrx_word' id='word_1_268' title='bbox 1605 2099 1694 2123; x_wconf 81' lang='lat' dir='ltr'><strong>ean-</strong></span> 
     </span>
     <span class='ocr_line' id='line_1_37' title="bbox 247 2135 1694 2181; baseline 0.001 -14"><span class='ocrx_word' id='word_1_269' title='bbox 247 2136 323 2168; x_wconf 90' lang='lat' dir='ltr'><strong>dem</strong></span> <span class='ocrx_word' id='word_1_270' title='bbox 352 2145 430 2168; x_wconf 85' lang='lat' dir='ltr'><strong>esse</strong></span> <span class='ocrx_word' id='word_1_271' title='bbox 458 2145 545 2176; x_wconf 88' lang='lat' dir='ltr'><strong>eam,</strong></span> <span class='ocrx_word' id='word_1_272' title='bbox 572 2135 632 2168; x_wconf 88' lang='lat' dir='ltr'><strong>sed</strong></span> <span class='ocrx_word' id='word_1_273' title='bbox 647 2135 752 2168; x_wconf 86' lang='lat' dir='ltr'><strong>aliam</strong></span> <span class='ocrx_word' id='word_1_274' title='bbox 779 2137 869 2179; x_wconf 87' lang='lat' dir='ltr'><strong>apud</strong></span> <span class='ocrx_word' id='word_1_275' title='bbox 897 2136 986 2170; x_wconf 82' lang='lat' dir='ltr'><strong>alios</strong></span> <span class='ocrx_word' id='word_1_276' title='bbox 1002 2142 1155 2179; x_wconf 83' lang='lat' dir='ltr'><strong>semper,</strong></span> <span class='ocrx_word' id='word_1_277' title='bbox 1182 2137 1405 2181; x_wconf 15' lang='lat' dir='ltr'><strong>itaquessssum</strong></span> <span class='ocrx_word' id='word_1_278' title='bbox 1431 2141 1629 2180; x_wconf 80' lang='lat' dir='ltr'><strong>componat,</strong></span> <span class='ocrx_word' id='word_1_279' title='bbox 1655 2140 1694 2168; x_wconf 81' lang='lat' dir='ltr'><strong>ut</strong></span> 
     </span>
     <span class='ocr_line' id='line_1_38' title="bbox 245 2182 1692 2226; baseline 0.001 -12"><span class='ocrx_word' id='word_1_280' title='bbox 245 2182 306 2223; x_wconf 87' lang='lat' dir='ltr'><strong>ait,</strong></span> <span class='ocrx_word' id='word_1_281' title='bbox 332 2182 445 2222; x_wconf 86' lang='lat' dir='ltr'><strong>ambo,</strong></span> <span class='ocrx_word' id='word_1_282' title='bbox 473 2192 570 2215; x_wconf 90' lang='lat' dir='ltr'><strong>usum</strong></span> <span class='ocrx_word' id='word_1_283' title='bbox 598 2182 805 2215; x_wconf 81' lang='lat' dir='ltr'><strong>articulatae</strong></span> <span class='ocrx_word' id='word_1_284' title='bbox 833 2184 931 2216; x_wconf 87' lang='lat' dir='ltr'><strong>vocis</strong></span> <span class='ocrx_word' id='word_1_285' title='bbox 957 2185 1137 2216; x_wconf 89' lang='lat' dir='ltr'><strong>notionem</strong></span> <span class='ocrx_word' id='word_1_286' title='bbox 1170 2184 1345 2217; x_wconf 84' lang='lat' dir='ltr'><strong>audientis</strong></span> <span class='ocrx_word' id='word_1_287' title='bbox 1373 2189 1542 2223; x_wconf 76' lang='lat' dir='ltr'><strong>accurate</strong></span> <span class='ocrx_word' id='word_1_288' title='bbox 1568 2184 1692 2226; x_wconf 80' lang='lat' dir='ltr'><strong>‘aptare</strong></span> 
     </span>
     <span class='ocr_line' id='line_1_39' title="bbox 245 2228 1691 2274; baseline 0 -12"><span class='ocrx_word' id='word_1_289' title='bbox 245 2229 436 2271; x_wconf 80' lang='lat' dir='ltr'><strong>secundum</strong></span> <span class='ocrx_word' id='word_1_290' title='bbox 470 2228 733 2263; x_wconf 84' lang='lat' dir='ltr'><strong>similitudinem</strong></span> <span class='ocrx_word' id='word_1_291' title='bbox 766 2231 903 2263; x_wconf 88' lang='lat' dir='ltr'><strong>notioni</strong></span> <span class='ocrx_word' id='word_1_292' title='bbox 940 2230 1117 2274; x_wconf 88' lang='lat' dir='ltr'><strong>loquentis</strong></span> <span class='ocrx_word' id='word_1_293' title='bbox 1150 2240 1286 2262; x_wconf 89' lang='lat' dir='ltr'><strong>omnem</strong></span> <span class='ocrx_word' id='word_1_294' title='bbox 1323 2231 1439 2273; x_wconf 83' lang='lat' dir='ltr'><strong>omni,</strong></span> <span class='ocrx_word' id='word_1_295' title='bbox 1475 2230 1562 2264; x_wconf 85' lang='lat' dir='ltr'><strong>haec</strong></span> <span class='ocrx_word' id='word_1_296' title='bbox 1600 2230 1691 2263; x_wconf 77' lang='lat' dir='ltr'><strong>enim</strong></span> 
     </span>
     <span class='ocr_line' id='line_1_40' title="bbox 246 2276 1692 2321; baseline 0.001 -13"><span class='ocrx_word' id='word_1_297' title='bbox 246 2276 393 2308; x_wconf 83' lang='lat' dir='ltr'><strong>formata</strong></span> <span class='ocrx_word' id='word_1_298' title='bbox 419 2281 454 2308; x_wconf 90' lang='lat' dir='ltr'><strong>et</strong></span> <span class='ocrx_word' id='word_1_299' title='bbox 481 2286 647 2318; x_wconf 87' lang='lat' dir='ltr'><strong>expressa</strong></span> <span class='ocrx_word' id='word_1_300' title='bbox 682 2276 800 2309; x_wconf 88' lang='lat' dir='ltr'><strong>verbis</strong></span> <span class='ocrx_word' id='word_1_301' title='bbox 837 2282 871 2309; x_wconf 89' lang='lat' dir='ltr'><strong>et</strong></span> <span class='ocrx_word' id='word_1_302' title='bbox 898 2277 1095 2310; x_wconf 86' lang='lat' dir='ltr'><strong>nominibus</strong></span> <span class='ocrx_word' id='word_1_303' title='bbox 1134 2278 1246 2310; x_wconf 83' lang='lat' dir='ltr'><strong>oratio</strong></span> <span class='ocrx_word' id='word_1_304' title='bbox 1273 2277 1332 2318; x_wconf 78' lang='lat' dir='ltr'><strong>fit,</strong></span> <span class='ocrx_word' id='word_1_305' title='bbox 1359 2288 1449 2321; x_wconf 88' lang='lat' dir='ltr'><strong>quae</strong></span> <span class='ocrx_word' id='word_1_306' title='bbox 1478 2277 1599 2310; x_wconf 81' lang='lat' dir='ltr'><strong>formis</strong></span> <span class='ocrx_word' id='word_1_307' title='bbox 1625 2286 1692 2310; x_wconf 77' lang='lat' dir='ltr'><strong>va-</strong></span> 
     </span>
     <span class='ocr_line' id='line_1_41' title="bbox 244 2322 1692 2359; baseline 0.001 -5"><span class='ocrx_word' id='word_1_308' title='bbox 244 2322 306 2355; x_wconf 90' lang='lat' dir='ltr'><strong>riis</strong></span> <span class='ocrx_word' id='word_1_309' title='bbox 334 2327 369 2355; x_wconf 84' lang='lat' dir='ltr'><strong>et</strong></span> <span class='ocrx_word' id='word_1_310' title='bbox 389 2323 499 2355; x_wconf 89' lang='lat' dir='ltr'><strong>initiis</strong></span> <span class='ocrx_word' id='word_1_311' title='bbox 535 2328 569 2355; x_wconf 86' lang='lat' dir='ltr'><strong>et</strong></span> <span class='ocrx_word' id='word_1_312' title='bbox 591 2323 717 2356; x_wconf 82' lang='lat' dir='ltr'><strong>finibus</strong></span> <span class='ocrx_word' id='word_1_313' title='bbox 743 2324 886 2357; x_wconf 86' lang='lat' dir='ltr'><strong>definiat</strong></span> <span class='ocrx_word' id='word_1_314' title='bbox 910 2325 1088 2357; x_wconf 83' lang='lat' dir='ltr'><strong>materiam</strong></span> <span class='ocrx_word' id='word_1_315' title='bbox 1117 2324 1332 2356; x_wconf 84' lang='lat' dir='ltr'><strong>indefinitam</strong></span> <span class='ocrx_word' id='word_1_316' title='bbox 1367 2330 1401 2357; x_wconf 85' lang='lat' dir='ltr'><strong>et</strong></span> <span class='ocrx_word' id='word_1_317' title='bbox 1426 2324 1630 2359; x_wconf 75' lang='lat' dir='ltr'><strong>dissolutam</strong></span> <span class='ocrx_word' id='word_1_318' title='bbox 1657 2329 1692 2356; x_wconf 80' lang='lat' dir='ltr'><strong>et</strong></span> 
     </span>
     <span class='ocr_line' id='line_1_42' title="bbox 244 2370 1691 2415; baseline 0.001 -14"><span class='ocrx_word' id='word_1_319' title='bbox 244 2370 291 2402; x_wconf 85' lang='lat' dir='ltr'><strong>ita</strong></span> <span class='ocrx_word' id='word_1_320' title='bbox 319 2370 473 2402; x_wconf 88' lang='lat' dir='ltr'><strong>externis</strong></span> <span class='ocrx_word' id='word_1_321' title='bbox 502 2370 683 2403; x_wconf 76' lang='lat' dir='ltr'><strong>internam.</strong></span> <span class='ocrx_word' id='word_1_322' title='bbox 700 2371 870 2415; x_wconf 89' lang='lat' dir='ltr'><strong>cuiusque</strong></span> <span class='ocrx_word' id='word_1_323' title='bbox 896 2370 1113 2404; x_wconf 85' lang='lat' dir='ltr'><strong>voluntatem</strong></span> <span class='ocrx_word' id='word_1_324' title='bbox 1149 2371 1334 2411; x_wconf 83' lang='lat' dir='ltr'><strong>enunciet,</strong></span> <span class='ocrx_word' id='word_1_325' title='bbox 1362 2376 1479 2404; x_wconf 86' lang='lat' dir='ltr'><strong>tamen</strong></span> <span class='ocrx_word' id='word_1_326' title='bbox 1505 2381 1581 2404; x_wconf 83' lang='lat' dir='ltr'><strong>eam</strong></span> <span class='ocrx_word' id='word_1_327' title='bbox 1607 2380 1691 2403; x_wconf 83' lang='lat' dir='ltr'><strong>casu</strong></span> 
     </span>
     <span class='ocr_line' id='line_1_43' title="bbox 245 2417 1690 2462; baseline 0.001 -13"><span class='ocrx_word' id='word_1_328' title='bbox 245 2421 279 2449; x_wconf 88' lang='lat' dir='ltr'><strong>et</strong></span> <span class='ocrx_word' id='word_1_329' title='bbox 303 2417 380 2449; x_wconf 88' lang='lat' dir='ltr'><strong>sine</strong></span> <span class='ocrx_word' id='word_1_330' title='bbox 406 2417 528 2449; x_wconf 86' lang='lat' dir='ltr'><strong>ordine</strong></span> <span class='ocrx_word' id='word_1_331' title='bbox 561 2418 646 2449; x_wconf 84' lang='lat' dir='ltr'><strong>ferri</strong></span> <span class='ocrx_word' id='word_1_332' title='bbox 685 2423 719 2449; x_wconf 86' lang='lat' dir='ltr'><strong>et</strong></span> <span class='ocrx_word' id='word_1_333' title='bbox 746 2418 935 2450; x_wconf 87' lang='lat' dir='ltr'><strong>secundum</strong></span> <span class='ocrx_word' id='word_1_334' title='bbox 971 2419 1142 2462; x_wconf 88' lang='lat' dir='ltr'><strong>cuiusque</strong></span> <span class='ocrx_word' id='word_1_335' title='bbox 1177 2418 1350 2451; x_wconf 81' lang='lat' dir='ltr'><strong>diversam</strong></span> <span class='ocrx_word' id='word_1_336' title='bbox 1385 2419 1603 2452; x_wconf 81' lang='lat' dir='ltr'><strong>voluntatem</strong></span> <span class='ocrx_word' id='word_1_337' title='bbox 1628 2426 1690 2451; x_wconf 78' lang='lat' dir='ltr'><strong>sa-</strong></span> 
     </span>
     <span class='ocr_line' id='line_1_44' title="bbox 242 2463 1735 2508; baseline 0.001 -14"><span class='ocrx_word' id='word_1_338' title='bbox 242 2463 375 2506; x_wconf 85' lang='lat' dir='ltr'><strong>pientia</strong></span> <span class='ocrx_word' id='word_1_339' title='bbox 400 2468 524 2506; x_wconf 84' lang='lat' dir='ltr'><strong>postea</strong></span> <span class='ocrx_word' id='word_1_340' title='bbox 564 2473 583 2496; x_wconf 87' lang='lat' dir='ltr'><strong>a</strong></span> <span class='ocrx_word' id='word_1_341' title='bbox 609 2464 675 2496; x_wconf 89' lang='lat' dir='ltr'><strong>deo</strong></span> <span class='ocrx_word' id='word_1_342' title='bbox 701 2475 871 2508; x_wconf 83' lang='lat' dir='ltr'><strong>aggressa</strong></span> <span class='ocrx_word' id='word_1_343' title='bbox 906 2465 1102 2497; x_wconf 86' lang='lat' dir='ltr'><strong>hominibus</strong></span> <span class='ocrx_word' id='word_1_344' title='bbox 1127 2474 1198 2497; x_wconf 88' lang='lat' dir='ltr'><strong>non</strong></span> <span class='ocrx_word' id='word_1_345' title='bbox 1233 2466 1429 2507; x_wconf 86' lang='lat' dir='ltr'><strong>concessit,</strong></span> <span class='ocrx_word' id='word_1_346' title='bbox 1463 2463 1690 2508; x_wconf 81' lang='lat' dir='ltr'><strong>sedlegibus</strong></span> <span class='ocrx_word' id='word_1_347' title='bbox 1733 2501 1735 2503; x_wconf 21' lang='lat'><strong><em>¹</em></strong></span> 
     </span>
     <span class='ocr_line' id='line_1_45' title="bbox 243 2510 1689 2557; baseline 0 -15"><span class='ocrx_word' id='word_1_348' title='bbox 243 2515 277 2542; x_wconf 89' lang='lat' dir='ltr'><strong>et</strong></span> <span class='ocrx_word' id='word_1_349' title='bbox 301 2510 436 2553; x_wconf 84' lang='lat' dir='ltr'><strong>regulis</strong></span> <span class='ocrx_word' id='word_1_350' title='bbox 462 2510 643 2544; x_wconf 86' lang='lat' dir='ltr'><strong>subiunxit</strong></span> <span class='ocrx_word' id='word_1_351' title='bbox 669 2521 743 2543; x_wconf 89' lang='lat' dir='ltr'><strong>eam</strong></span> <span class='ocrx_word' id='word_1_352' title='bbox 770 2512 960 2545; x_wconf 84' lang='lat' dir='ltr'><strong>secundum</strong></span> <span class='ocrx_word' id='word_1_353' title='bbox 986 2522 1043 2545; x_wconf 83' lang='lat' dir='ltr'><strong>eas</strong></span> <span class='ocrx_word' id='word_1_354' title='bbox 1060 2521 1149 2555; x_wconf 84' lang='lat' dir='ltr'><strong>quae</strong></span> <span class='ocrx_word' id='word_1_355' title='bbox 1175 2512 1265 2555; x_wconf 80' lang='lat' dir='ltr'><strong>apud</strong></span> <span class='ocrx_word' id='word_1_356' title='bbox 1291 2522 1450 2557; x_wconf 87' lang='lat' dir='ltr'><strong>quosque</strong></span> <span class='ocrx_word' id='word_1_357' title='bbox 1476 2516 1576 2545; x_wconf 79' lang='lat' dir='ltr'><strong>erant</strong></span> <span class='ocrx_word' id='word_1_358' title='bbox 1600 2521 1689 2544; x_wconf 87' lang='lat' dir='ltr'><strong>con-</strong></span> 
     </span>
     <span class='ocr_line' id='line_1_46' title="bbox 241 2558 1689 2602; baseline 0.001 -13"><span class='ocrx_word' id='word_1_359' title='bbox 241 2558 448 2597; x_wconf 79' lang='lat' dir='ltr'><strong>sensiones,</strong></span> <span class='ocrx_word' id='word_1_360' title='bbox 476 2567 619 2601; x_wconf 89' lang='lat' dir='ltr'><strong>quarum</strong></span> <span class='ocrx_word' id='word_1_361' title='bbox 645 2558 828 2591; x_wconf 86' lang='lat' dir='ltr'><strong>nonnullis</strong></span> <span class='ocrx_word' id='word_1_362' title='bbox 854 2559 1025 2591; x_wconf 89' lang='lat' dir='ltr'><strong>interdum</strong></span> <span class='ocrx_word' id='word_1_363' title='bbox 1051 2568 1121 2590; x_wconf 87' lang='lat' dir='ltr'><strong>non</strong></span> <span class='ocrx_word' id='word_1_364' title='bbox 1161 2558 1274 2591; x_wconf 88' lang='lat' dir='ltr'><strong>solum</strong></span> <span class='ocrx_word' id='word_1_365' title='bbox 1298 2560 1488 2596; x_wconf 84' lang='lat' dir='ltr'><strong>secundum</strong></span> <span class='ocrx_word' id='word_1_366' title='bbox 1513 2558 1689 2602; x_wconf 80' lang='lat' dir='ltr'><strong>supersti-</strong></span> 
     </span>
     <span class='ocr_line' id='line_1_47' title="bbox 241 2604 1688 2648; baseline 0.001 -13"><span class='ocrx_word' id='word_1_367' title='bbox 241 2604 371 2636; x_wconf 85' lang='lat' dir='ltr'><strong>tionem</strong></span> <span class='ocrx_word' id='word_1_368' title='bbox 399 2604 680 2647; x_wconf 78' lang='lat' dir='ltr'><strong>significationes</strong></span> <span class='ocrx_word' id='word_1_369' title='bbox 705 2606 864 2648; x_wconf 87' lang='lat' dir='ltr'><strong>sequitur</strong></span> <span class='ocrx_word' id='word_1_370' title='bbox 890 2611 927 2638; x_wconf 93' lang='lat' dir='ltr'><strong>ut</strong></span> <span class='ocrx_word' id='word_1_371' title='bbox 951 2606 1154 2647; x_wconf 86' lang='lat' dir='ltr'><strong>tribuamus,</strong></span> <span class='ocrx_word' id='word_1_372' title='bbox 1182 2606 1243 2638; x_wconf 85' lang='lat' dir='ltr'><strong>sed</strong></span> <span class='ocrx_word' id='word_1_373' title='bbox 1270 2608 1372 2639; x_wconf 85' lang='lat' dir='ltr'><strong>etiam</strong></span> <span class='ocrx_word' id='word_1_374' title='bbox 1398 2606 1588 2640; x_wconf 78' lang='lat' dir='ltr'><strong>secundum</strong></span> <span class='ocrx_word' id='word_1_375' title='bbox 1618 2614 1688 2638; x_wconf 86' lang='lat' dir='ltr'><strong>no-</strong></span> 
     </span>
     <span class='ocr_line' id='line_1_48' title="bbox 240 2651 1688 2694; baseline 0.001 -12"><span class='ocrx_word' id='word_1_376' title='bbox 240 2651 334 2682; x_wconf 89' lang='lat' dir='ltr'><strong>mina</strong></span> <span class='ocrx_word' id='word_1_377' title='bbox 360 2651 480 2682; x_wconf 84' lang='lat' dir='ltr'><strong>eadem</strong></span> <span class='ocrx_word' id='word_1_378' title='bbox 507 2656 541 2683; x_wconf 89' lang='lat' dir='ltr'><strong>et</strong></span> <span class='ocrx_word' id='word_1_379' title='bbox 566 2651 685 2683; x_wconf 84' lang='lat' dir='ltr'><strong>multa.</strong></span> <span class='ocrx_word' id='word_1_380' title='bbox 735 2653 942 2686; x_wconf 86' lang='lat' dir='ltr'><strong>alterutrum</strong></span> <span class='ocrx_word' id='word_1_381' title='bbox 971 2654 1060 2685; x_wconf 89' lang='lat' dir='ltr'><strong>enim</strong></span> <span class='ocrx_word' id='word_1_382' title='bbox 1080 2676 1090 2694; x_wconf 89' lang='lat'><strong>,</strong></span> <span class='ocrx_word' id='word_1_383' title='bbox 1118 2658 1176 2685; x_wconf 83' lang='lat' dir='ltr'><strong>aut</strong></span> <span class='ocrx_word' id='word_1_384' title='bbox 1201 2653 1350 2686; x_wconf 83' lang='lat' dir='ltr'><strong>diversis</strong></span> <span class='ocrx_word' id='word_1_385' title='bbox 1375 2653 1574 2686; x_wconf 83' lang='lat' dir='ltr'><strong>nominibus</strong></span> <span class='ocrx_word' id='word_1_386' title='bbox 1601 2661 1688 2685; x_wconf 79' lang='lat' dir='ltr'><strong>eae.-</strong></span> 
     </span>
     <span class='ocr_line' id='line_1_49' title="bbox 241 2697 1686 2743; baseline 0 -13"><span class='ocrx_word' id='word_1_387' title='bbox 241 2697 318 2730; x_wconf 85' lang='lat' dir='ltr'><strong>dem</strong></span> <span class='ocrx_word' id='word_1_388' title='bbox 345 2707 402 2730; x_wconf 86' lang='lat' dir='ltr'><strong>res</strong></span> <span class='ocrx_word' id='word_1_389' title='bbox 429 2697 471 2729; x_wconf 86' lang='lat' dir='ltr'><strong>ab</strong></span> <span class='ocrx_word' id='word_1_390' title='bbox 497 2698 540 2730; x_wconf 87' lang='lat' dir='ltr'><strong>iis</strong></span> <span class='ocrx_word' id='word_1_391' title='bbox 567 2698 626 2741; x_wconf 87' lang='lat' dir='ltr'><strong>qui</strong></span> <span class='ocrx_word' id='word_1_392' title='bbox 646 2698 767 2730; x_wconf 85' lang='lat' dir='ltr'><strong>eadem</strong></span> <span class='ocrx_word' id='word_1_393' title='bbox 793 2699 946 2732; x_wconf 83' lang='lat' dir='ltr'><strong>dialecto</strong></span> <span class='ocrx_word' id='word_1_394' title='bbox 966 2704 1111 2732; x_wconf 85' lang='lat' dir='ltr'><strong>utuntur</strong></span> <span class='ocrx_word' id='word_1_395' title='bbox 1129 2699 1372 2743; x_wconf 76' lang='lat' dir='ltr'><strong>declarantur,</strong></span> <span class='ocrx_word' id='word_1_396' title='bbox 1396 2706 1457 2734; x_wconf 81' lang='lat' dir='ltr'><strong>aut</strong></span> <span class='ocrx_word' id='word_1_397' title='bbox 1479 2709 1549 2733; x_wconf 83' lang='lat' dir='ltr'><strong>una</strong></span> <span class='ocrx_word' id='word_1_398' title='bbox 1572 2699 1686 2742; x_wconf 80' lang='lat' dir='ltr'><strong>signi-</strong></span> 
     </span>
     <span class='ocr_line' id='line_1_50' title="bbox 240 2743 1686 2794; baseline -0.001 -14"><span class='ocrx_word' id='word_1_399' title='bbox 240 2743 405 2780; x_wconf 80' lang='lat' dir='ltr'><strong>ficatione</strong></span> <span class='ocrx_word' id='word_1_400' title='bbox 431 2744 594 2779; x_wconf 83' lang='lat' dir='ltr'><strong>diversae</strong></span> <span class='ocrx_word' id='word_1_401' title='bbox 631 2754 687 2779; x_wconf 88' lang='lat' dir='ltr'><strong>res</strong></span> <span class='ocrx_word' id='word_1_402' title='bbox 713 2751 772 2779; x_wconf 75' lang='lat' dir='ltr'><strong>aut</strong></span> <span class='ocrx_word' id='word_1_403' title='bbox 795 2746 918 2780; x_wconf 89' lang='lat' dir='ltr'><strong>horum</strong></span> <span class='ocrx_word' id='word_1_404' title='bbox 945 2747 1080 2781; x_wconf 84' lang='lat' dir='ltr'><strong>neutris</strong></span> <span class='ocrx_word' id='word_1_405' title='bbox 1119 2746 1206 2794; x_wconf 83' lang='lat' dir='ltr'><strong>[alia</strong></span> <span class='ocrx_word' id='word_1_406' title='bbox 1243 2749 1406 2782; x_wconf 86' lang='lat' dir='ltr'><strong>nimirum</strong></span> <span class='ocrx_word' id='word_1_407' title='bbox 1433 2747 1546 2793; x_wconf 83' lang='lat' dir='ltr'><strong>aliis].</strong></span> <span class='ocrx_word' id='word_1_408' title='bbox 1596 2755 1686 2792; x_wconf 73' lang='lat' dir='ltr'><strong>quae</strong></span> 
     </span>
    </p>
   </div>
   <div class='ocr_carea' id='block_1_10' title="bbox 1794 1151 1826 3120">
    <p class='ocr_par' dir='ltr' id='par_1_10' title="bbox 1794 1151 1826 3120">
     <span class='ocr_line' id='line_1_51' title="bbox 1794 1151 1826 3120; baseline 0 0"><span class='ocrx_word' id='word_1_409' title='bbox 1794 1151 1826 3120; x_wconf 95' lang='lat' dir='ltr'><strong> </strong></span> 
     </span>
    </p>
   </div>
  </div>
 </body>
</html>
