1852 3138
295 150 395 204 410
700 163 995 208 NJOEPHOM
1037 164 1341 217 GREGORAE

210 272 281 308 18
296 267 348 311 τὰ
374 270 449 325 τῆς
478 267 678 325 ὅμονοίας
711 270 847 330 ῥᾷστα
876 270 1095 328 ἐμφύεται.
1152 272 1279 316 καὶὸ
1303 275 1379 316 τοῦ
1406 272 1585 331 ἧλιακοῦ
1613 290 1756 333 παρα-

297 336 521 393 δείγματος
566 339 723 389 ξυνιεῖς
763 339 936 396 εὐφυῶς-
979 341 1054 395 τῆς
1092 343 1181 383 κατ’
1228 338 1432 397 αἴσθησιν
1458 342 1757 399 ἐξεκεχωρήκει

299 403 530 458 συνηθείας
557 404 709 456 εὐθύς,
739 407 812 448 καί
839 405 914 461 τὴν
941 408 1017 462 τῆς
1045 405 1237 463 ὁράσεως
1266 409 1548 465 προσεδρεώιν
1574 409 1636 459 εἷς
1659 408 1756 460 τοὺς

295 469 465 525 νοητοὺς
496 469 657 529 ῥᾳδίως
687 471 940 529 ὀφθαλμοὺς
960 475 1244 530 μετενήνοχεν,
1275 473 1484 533 ἡγεμόνας
1508 478 1582 532 τῆς
1610 479 1754 519 τοιαύ-

293 554 365 592 της
399 535 608 593 εὑρίσκων
636 536 739 581 ὅδοῦ
764 538 860 590 τοὺς
889 539 1057 596 ἁγίους,
1100 546 1187 591 τοῖς
1229 543 1307 596 μὲν
1346 543 1566 599 αἰσθητοῖς
1601 543 1788 586 §valvam

294 604 488 659 λέγοντας
517 604 714 648 ἔκστασιν
740 608 965 662 γίνεσθαι»,
1004 610 1095 664 θεῷ’
1126 610 1165 650 ‹5’
1208 608 1358 664 ἥκιστα
1385 609 1552 652 πάντων
1578 606 1755 666 παρόντι

296 672 514 724 πανταχοῦ
556 673 630 715 καί
670 671 723 715 τὰ
761 673 895 716 πάντα
934 676 1163 731 πληροῦντι
1191 676 1265 718 καὶ
1293 674 1752 732 μηδενὸς-λειπομένου

294 735 424 793 τόπου
456 735 503 788 ὃς
533 739 608 795 τὴν
634 741 758 782 θειάν
789 739 957 783 ἔκτασιν
982 741 1189 792 δέξασθαι
1216 740 1266 785 ἂν
1294 742 1564 799 ἐπινοηθείη.’

203 799 278 837 24
416 802 588 860 Ὅμοιον
616 805 697 862 γὰρ
724 806 902 861 ἤχοῦσιν
932 807 975 849 αἱ
1005 809 1148 859 λέξεις,
1181 807 1260 861 οὔχ
1289 806 1436 863 ὅμοιον
1457 810 1496 852 δ’
1527 809 1678 863 ἔχουσι
1703 808 1750 851 τὰ

289 871 363 926 τῆς
411 871 630 928 ἀναγωγῆς
670 873 744 916 καί
780 876 1026 930 καταγωγῆς
1056 873 1312 931 ὁρμητήριον
1324 907 1336 927 ,
1381 875 1470 918 ἀλλ’
1514 874 1652 926 ἄλλως
1673 876 1752 931 μὲν
1766 882 1809 919 10

290 937 360 980 ἐπὶ
390 939 494 980 θεοῦ
534 935 670 988 ἄλλως
701 941 738 981 ‹5’
781 940 844 981 ἐπ’
888 939 1127 996 ἀνθρώπων
1164 946 1251 992 τοῖς
1282 941 1428 998 ὀρθῶς
1454 957 1501 985 τε
1530 941 1604 985 καί
1632 941 1750 984 εὗσε-

288 1007 375 1059 βῶς
407 1007 614 1061 φρονοῦσι
645 1006 955 1061 λαμβάνονται,
1004 1009 1078 1050 καί
1109 1005 1246 1059 ἄλλως
1273 1009 1353 1064 μὲν
1381 1009 1454 1052 ἐπὶ
1480 1010 1564 1052 τῶν
1594 1009 1750 1065 αἴσθη-

287 1074 370 1114 τῶν
401 1068 537 1122 ἄλλως
568 1074 607 1115 δ’
632 1073 703 1115 ἐπὶ
728 1076 812 1116 τῶν
841 1074 972 1117 θείων
1001 1076 1074 1117 καί
1104 1079 1275 1132 νοητῶν.
1336 1075 1585 1132 ἀνθρώπινα
1614 1074 1696 1133 γὰρ
1728 1074 1751 1118 ὅ

289 1143 405 1190 θεῖος
434 1138 518 1196 ἔφη
550 1141 858 1195 Χρυσόστομος
894 1141 948 1184 τὰ
980 1140 1171 1198 ῥήματα,
1205 1142 1312 1186 ἀλλὰ
1343 1145 1444 1185 θεῖα
1471 1142 1664 1198 νοήματα
1697 1143 1750 1185 δι’

290 1206 440 1249 αὐτῶν.
499 1206 627 1263 φεῦγε
657 1205 710 1249 τὰ
739 1206 821 1249 ἀπὸ
848 1211 922 1263 τῆς
951 1209 1101 1260 λέξεως
1116 1208 1456 1268 ὖποπαλλόμενα,
1488 1210 1562 1253 καί
1587 1208 1674 1252 νόει
1700 1208 1753 1252 τὰ
1768 1223 1810 1259 15

293 1271 364 1314 διὰ
409 1275 483 1328 τῆς
524 1274 703 1323 πίστεως
743 1275 1031 1330 θεωρούμενα.
1102 1275 1163 1332 μὴ
1203 1275 1430 1333 προλαβών
1469 1276 1666 1334 ἆρπάσῃς
1705 1273 1752 1318 τὸ

291 1337 407 1395 ῥῆμα
445 1340 504 1389 εἰς
547 1340 769 1395 διαβολήν,
809 1341 902 1393 ἀλλ’
947 1342 1170 1398 ἀνάμεινον
1208 1342 1399 1394 τὸτέλος
1436 1344 1510 1387 καὶ
1535 1347 1678 1400 κρῖνον
1703 1358 1752 1384 το

289 1405 521 1462 λεγόμενον.
578 1405 638 1462 μὴ
666 1409 783 1463 γίνου
827 1409 1025 1464 δικαστὴς
1055 1409 1263 1466 δυσμενὴς
1295 1410 1403 1453 ἀλλὰ
1444 1408 1755 1466 συναγωνιστὴς

290 1473 476 1528 εῧμενής.
534 1473 607 1516 καὶ
636 1475 769 1518 ταῦτα
797 1476 876 1531 μὲν
906 1474 930 1517 ὅ
961 1477 1316 1534 Χρυσορρήμων·
1386 1476 1509 1532 ἡμεῖς
1539 1476 1589 1519 δὲ
1607 1476 1687 1534 καὶ
1710 1476 1752 1527 ἐξ

293 1535 447 1595 ἑτέρων
477 1539 630 1595 ἐβςομεν
657 1545 868 1598 παριστᾶν
910 1541 956 1584 τὸ
986 1543 1218 1598 λεγόμενον.
1284 1543 1358 1586 καὶ
1386 1542 1468 1600 γὰρ
1496 1543 1569 1586 καὶ
1588 1541 1640 1586 ,τὸ
1673 1559 1750 1584 κα-
1763 1556 1810 1593 20
1837 1567 1839 1569 ·

290 1606 378 1656 θοός
407 1607 478 1650 ἐπὶ
506 1608 611 1650 θεοῦ
639 1609 713 1651 καὶ
745 1609 984 1666 ἀνθρώπων
1004 1610 1227 1669 λεγόμενον
1245 1610 1322 1663 οὐχ
1342 1608 1496 1665 ὁμοίαν
1513 1609 1626 1663 ἔχειν
1658 1608 1752 1652 διά-

201 1679 272 1715 15
288 1690 406 1717 νοιαν
439 1673 468 1730 ἧ
496 1675 596 1719 θεία
625 1675 771 1734 γραφὴ
803 1682 1031 1735 συγχωρεῖ.
1083 1675 1279 1728 “καθώς”
1310 1678 1391 1735 γάρ
1422 1675 1751 1735 φησινῖεοῖκτεί-

384 1811 438 1868 14.
466 1813 748 1860 Χρυσοστόμου
780 1815 821 1849 ἐκ
857 1814 923 1851 τοῦ
948 1815 1001 1854 εἰς
1025 1810 1093 1855 τὰς
1125 1813 1347 1862 σφραγῖδας
1377 1813 1454 1850 τῶν
1486 1809 1580 1860 βίων
1611 1814 1675 1849 καὶ
1700 1814 1752 1853 etc

380 1872 448 1903 την
472 1861 540 1897 τοῦ
567 1862 732 1910 σωτῆρος
759 1860 994 1910 οἰκονομίαν.

242 1998 249 2003 ”
289 1986 490 2031 exemplum
520 1986 786 2030 intellexerint,
823 1998 842 2021 e
866 1998 963 2022 mera
991 1998 1155 2022 sensuum
1193 1987 1424 2031 perceptione
1450 1985 1557 2020 facile
1584 1984 1751 2030 egredie-

288 2039 345 2068 tur
374 2040 410 2068 et
432 2044 490 2068 res
517 2039 680 2069 externas
715 2035 823 2068 facile
848 2035 1038 2069 transferet
1069 2036 1112 2069 ad
1137 2034 1262 2068 oculos
1294 2034 1435 2074 mentis,
1478 2042 1565 2077 quos
1587 2037 1751 2076 tanquam

289 2081 430 2117 divinos
457 2081 523 2115 hac
549 2082 585 2115 in
611 2083 669 2115 via
705 2083 811 2116 duces
851 2082 1126 2126 deprehenderit
1154 2083 1284 2126 quippe
1317 2081 1376 2124 qui
1402 2081 1438 2114 in
1464 2079 1569 2114 rebus
1595 2079 1751 2112 externis

289 2128 407 2162 dicant
435 2139 514 2163 esse
549 2129 814 2170 confusionem,
853 2135 974 2163 contra
1002 2130 1103 2164 deum
1130 2139 1209 2162 esse
1240 2127 1510 2172 pulcherrimum
1535 2125 1666 2170 ubique
1691 2125 1750 2159 lo..

290 2185 409 2209 corum
439 2181 475 2209 et
500 2186 705 2219 permanare
729 2177 859 2218 omnia,
886 2187 1002 2221 neque
1021 2176 1129 2211 ullum
1158 2185 1237 2210 esse
1261 2174 1378 2208 locum
1400 2174 1458 2219 qui
1484 2173 1583 2208 solus
1608 2172 1665 2209 dei
1685 2182 1751 2207 ex·
1798 2207 1802 2214 ,

290 2223 489 2257 tensionem
515 2224 705 2257 contineat.

425 2286 560 2321 Sonant
592 2287 731 2331 quidem
761 2288 871 2322 verba
896 2288 1077 2321 notionem
1113 2287 1282 2320 eandem:
1323 2285 1385 2318 sed
1411 2294 1482 2318 non
1511 2284 1655 2318 eandem
1683 2282 1750 2316 bn·-

291 2334 377 2368 bent
413 2334 484 2368 vim
508 2334 729 2367 deductionis
771 2340 806 2368 et
831 2335 1028 2369 relationis.
1088 2335 1149 2368 sed
1189 2333 1261 2366 alio
1297 2332 1399 2366 modo
1425 2331 1469 2365 de
1493 2332 1560 2365 deo
1576 2355 1586 2373 ,
1610 2330 1682 2364 alio
1707 2331 1751 2364 ‹le

291 2380 492 2415 hominibus
518 2382 740 2425 accipiuntur
780 2382 823 2415 ab
859 2383 902 2415 iis
937 2383 996 2426 qui
1035 2386 1073 2414 ut
1097 2380 1222 2415 fideles
1255 2389 1296 2412 ac
1330 2379 1379 2422 pii
1413 2379 1582 2423 cogitant.
1631 2387 1751 2412 rursus

293 2428 365 2462 alio
391 2428 496 2462 modo
526 2429 570 2461 de
593 2429 699 2462 rebus
729 2430 884 2462 externis
910 2428 1126 2470 visibilibus,
1154 2433 1189 2460 et
1212 2431 1329 2460 mente
1354 2426 1523 2471 cognitis,
1547 2430 1582 2458 et
1606 2425 1749 2459 (livinis.

293 2475 467 2509 “hominis
499 2475 615 2519 inquit
647 2475 917 2519 chrysostomus
954 2481 1033 2509 sunt
1071 2475 1224 2519 cogitata
1265 2473 1326 2507 sed
1359 2483 1456 2506 mens
1497 2472 1616 2506 divina
1659 2478 1750 2516 quae

291 2523 413 2556 verbis
439 2522 586 2556 subsunt
610 2524 776 2556 notiones
805 2528 948 2567 superat
984 2528 1018 2556 et
1049 2523 1182 2566 cogitat
1206 2530 1296 2566 quae
1328 2520 1469 2553 nonnisi
1494 2520 1531 2552 in
1556 2518 1624 2553 fide
1651 2527 1751 2551 com-

292 2569 561 2614 prehenduntur
586 2569 899 2613 contemplatione.
961 2580 1068 2615 quare
1101 2568 1177 2602 sola
1207 2567 1315 2601 verba
1352 2566 1394 2599 ad
1420 2566 1630 2600 calumniam
1655 2565 1748 2599 arri-

288 2627 375 2661 pere
399 2616 499 2658 noIt,
525 2616 586 2650 sed
621 2618 771 2661 anquire
803 2622 914 2650 totum
941 2623 975 2655 et
1013 2616 1128 2650 iudica
1159 2614 1348 2649 secundum
1375 2623 1493 2647 veram
1520 2613 1751 2653 sententinm3

287 2674 381 2697 neve
407 2663 514 2696 iudex
550 2664 681 2697 existas
717 2664 859 2698 odiosus
893 2665 953 2698 sed
995 2668 1217 2697 concertator
1250 2660 1448 2705 placidus.’'
1499 2659 1587 2693 haec
1613 2659 1752 2704 quidem

291 2710 591 2754 chrysostomus:
625 2720 690 2744 nos
726 2716 842 2744 autem
885 2713 986 2745 etiam
1024 2720 1068 2743 ex
1094 2709 1174 2743 aliis
1207 2708 1407 2742 testimonia
1435 2707 1597 2751 proferre
1623 2715 1752 2750 possu-

291 2767 379 2793 mus.
430 2757 563 2793 etenim
589 2757 632 2793 de
657 2758 725 2793 deo
756 2762 791 2792 et
815 2758 958 2794 homine
988 2756 1097 2794 verba
1124 2765 1195 2793 non
1213 2755 1367 2791 eiusdem
1393 2765 1474 2791 esse
1497 2754 1644 2790 rationis
1668 2752 1755 2792 dicit
