1768 3132
248 153 343 202 566
605 139 610 146 “
662 154 960 201 mutuom
1008 152 1318 198 outcome
1348 200 1351 202 ,

158 273 231 308 08
245 267 458 324 τριήρους.
520 263 628 307 ἀλλὰ
657 264 758 320 πρὶν
789 264 1043 325 ἀναχθῆναι,
1069 261 1142 306 τὸν
1165 261 1401 319 Ῥωμαϊκὸν
1427 264 1576 308 ἐθεᾶτο
1607 263 1703 308 στό-

247 339 320 377 λον
348 335 391 384 ἐς
419 330 656 385 Βυζάντιον
684 330 996 381 καταπλέοντα,
1036 329 1206 388 οὗδαμῇ
1234 329 1341 374 κατὰ
1368 331 1535 388 γνώμην
1563 331 1704 382 αῧτοῦ,

247 401 313 445 ἔτι
348 399 408 457 μὴ
438 397 820 454 λειποτακτήσανταἰ
862 413 907 440 τε
948 398 1022 441 καὶ
1051 398 1207 448 πάντας
1249 398 1427 454 δεσμοὺς
1465 401 1704 456 προσίαγῆς

247 469 471 524 βασιλικῆς
501 466 810 521 ἀπορρήξαντα,
840 465 913 507 καί
941 466 984 515 ’ἐς
997 465 1234 519 Βυζάντιον
1263 466 1308 507 ἐκ
1338 464 1521 508 Τενέδου
1547 469 1700 508 ’παλιν-

250 535 519 591 δρομήσαντα
551 534 604 575 δι’
639 532 832 588 ἀνάγκην,
867 530 924 582 ὦς
950 532 1150 589 ἔφασκον,
1180 534 1263 575 τῶν
1291 533 1546 588 ἐπιτηδείων
1568 530 1734 590 ἄρδηνῦ

247 599 523 644 ἐπιλιπόντων
556 598 762 649 ἁπάντων,
792 598 866 641 καὶ
890 598 1031 653 μένειν
1061 599 1133 640 οὐκ
1173 598 1231 641 ἔτι
1261 597 1369 642 κατὰ
1392 599 1547 656 χώραν
1573 601 1701 642 δυνα-
1767 601 1768 623 ³

245 667 374 723 μένης
405 668 480 722 τῆς
509 666 707 720 ναυτικῆς
739 665 960 721 ἀναρχίας.
1018 665 1235 722 ὀργισθεὶς
1265 662 1338 708 οὖν
1357 671 1450 716 τοῖςι
1471 665 1704 721 ναυάρχοις

247 731 400 775 καὶτὰ
439 732 578 775 εἰκότα
618 731 878 787 ἐπι-τημήσας
924 730 996 774 διὰ
1032 731 1233 787 βραχέων
1272 729 1336 790 (τό
1364 729 1449 788 γὰρ
1488 733 1562 787 τῆς
1588 729 1704 786 ὥροις

251 799 394 842 στενὸν
424 798 472 841 οὗ
499 803 703 854 παρεῖχεν
734 797 1005 854 εὐρυχωρίαν
1034 800 1096 855 τῷ
1129 799 1308 858 πλείονι)
1338 801 1413 855 τῆς
1430 797 1704 855 προκειμένης

249 865 384 919 εἴχετο
414 867 624 920 σπουδῆς,
666 867 720 921 τῇ
746 867 952 922 βασιλικῇ
988 866 1221 921 ναυαρχίδι
1246 865 1447 922 μονήρεις
1474 865 1547 907 δύο
1574 863 1705 919 μόνας
1720 872 1762 908 10

81 932 502 988 ῐ.2751>.ἐπαγόμενος
537 931 846 985 συμπλεούσας.
891 931 984 974 ἐπεὶ
1016 933 1053 973 δ’
1087 929 1189 988 ἄχρι
1217 932 1291 975 καί
1318 933 1362 982 ἐς
1388 930 1707 988 Προικόννησον

157 1002 231 1038 ⁶⁰
248 997 298 1054 ἦν
327 998 583 1056 ἀφιγμένος,
616 997 757 1048 ἔδοξεν
796 998 959 1039 ἐκεῖθεν
1004 996 1144 1049 δεξιὰν
1185 999 1227 1049 ἐξ
1249 998 1408 1055 ἐφόδου
1436 999 1498 1056 τῷ
1522 996 1707 1055 Ὑρκανῷ

244 1066 539 1121 πεπομφέναι,
583 1063 656 1120 τὴν
701 1065 861 1107 ἐκείνου
903 1065 1086 1120 καρδίαν
1120 1064 1402 1121 ἠρεθισμένην
1433 1065 1492 1115 εἰς
1519 1063 1708 1118 ὑποψίας

243 1132 491 1174 σκανδάλων
510 1133 858 1186 ἐξομαλίσουσαν,
891 1132 964 1174 καί
985 1133 1230 1187 πράγμασιν
1255 1131 1303 1174 οὗ
1331 1133 1469 1188 λόγοις
1488 1130 1709 1183 δείξουσαν

246 1202 292 1241 τὸ
321 1201 394 1254 τῆς
417 1199 639 1253 βασιλικῆς
667 1198 834 1254 γνώμης
866 1198 1098 1254 ἀκήρατον,
1141 1198 1197 1248 ὥς
1238 1198 1358 1249 δόλος
1398 1198 1537 1250 οὖδείς
1581 1212 1764 1253 ,nasot-15

245 1265 357 1308 τεόει
383 1271 469 1315 τοῖς
498 1264 755 1320 πράγμασιν.
829 1263 937 1320 μετὰ
981 1267 1025 1308 δὲ
1064 1268 1195 1308 ταῦτα
1234 1266 1438 1322 πλήρεσιν
1477 1265 1625 1315 ἱστίοις
1664 1267 1706 1316 ἐς

252 1333 428 1374 Τένεδον
455 1334 622 1387 πρῶτον
654 1332 856 1389 ἀφῖκται,
898 1334 1234 1387 βουλευσόμενος
1276 1333 1411 1374 ἐκεῖσε
1441 1332 1578 1388 σχολῇ
1607 1332 1711 1388 περί

245 1415 291 1441 τε
316 1400 391 1441 τοῦ
422 1398 574 1449 παιδός
600 1398 799 1455 Ὑρκανοῦ
834 1400 907 1442 καὶ
934 1401 1017 1441 τῶν
1050 1397 1157 1456 ὑπὲρ
1189 1398 1317 1442 αὐτοῦ
1344 1400 1543 1442 Φωκεῦσι
1573 1400 1704 1454 δοθη-
1760 1414 1766 1415 ’

246 1464 437 1519 σομένων
465 1465 649 1522 λύτρων,
681 1465 755 1507 καί
786 1465 891 1522 πρός
911 1481 958 1521 γε
989 1466 1088 1521 περὶ
1115 1467 1191 1507 τοῦ
1214 1464 1557 1521 γυναικαδέλφου
1572 1466 1702 1507 Ματ-

244 1532 399 1582 θαιόυ,
444 1530 490 1581 ὃς
520 1532 838 1589 φρουρούμενος
875 1534 953 1588 μὲν
982 1530 1033 1588 ἦν
1073 1534 1128 1589 τῇ
1153 1534 1235 1574 τῶν
1268 1532 1475 1575 Τενεδίων
1519 1531 1766 1587 α’κροπό-ςιο,

244 1600 320 1648 λει,
353 1596 425 1639 διὰ
454 1600 492 1640 δ’
526 1597 651 1641 αὐτὸν
671 1600 951 1655 νεωτερισμός
965 1616 1028 1650 τις
1055 1601 1243 1655 ἐξηχεῖτο
1269 1601 1490 1656 λαθραῖος,
1519 1597 1593 1640 καὶ
1621 1595 1702 1640 ὅσα

244 1664 316 1707 ἐπὶ
342 1664 504 1715 τούτοις
532 1664 728 1721 πράττειν
753 1666 907 1723 χρεών.
1650 1668 1652 1671 ’

159 1743 231 1777 2⁰
379 1731 470 1774 Καὶ
499 1733 631 1775 ταῦτα
659 1734 739 1787 μὲν
765 1733 867 1790 τῇδέ
896 1751 952 1790 πῃ
984 1733 1182 1790 ἐφέρετο,
1214 1732 1287 1775 καί
1313 1731 1359 1775 τό
1386 1732 1632 1789 μετόπωρον
1658 1732 1702 1774 ἐν

240 1917 412 1951 seruisset
437 1918 598 1951 omnibus
621 1919 732 1963 regiis
755 1919 907 1953 mandati
934 1918 1090 1953 vinculis
1113 1919 1283 1964 abruptis.
1333 1917 1612 1963 praetendebant
1634 1929 1701 1953 au-

241 1969 312 1998 tem
337 1975 376 1998 se
401 1966 616 1999 necessitate
655 1971 797 2000 eoaetes
837 1967 977 2000 Tenedo
1007 1967 1213 2011 Byzantium
1238 1976 1405 2001 reversos
1431 1977 1532 2008 esse,
1556 1972 1703 2011 propter

241 2012 397 2056 inopiam
422 2014 718 2055 necessariorum,
744 2023 861 2059 neque
887 2014 1037 2058 amplius
1064 2019 1228 2048 constare
1252 2014 1410 2058 potuisse
1436 2013 1599 2055 classem,
1623 2014 1701 2047 sine

242 2059 468 2102 imperatore.
522 2060 632 2094 iratus
658 2061 767 2105 igitur
790 2072 876 2102 rex,
913 2071 933 2094 a
957 2063 1100 2095 navium
1127 2060 1273 2095 ducibus
1299 2066 1338 2095 ut
1362 2071 1426 2104 par
1451 2065 1526 2094 erat
1549 2070 1699 2105 poenam

241 2105 342 2139 illico
371 2107 474 2150 petiit
496 2108 574 2140 sine
611 2118 729 2142 mora:
759 2109 927 2152 temporis
961 2109 1053 2142 enim
1089 2108 1262 2143 brevitas?
1284 2109 1543 2142 cunctationem
1566 2107 1697 2141 nullam
1749 2123 1752 2125 ·

242 2153 393 2195 admisit,
421 2164 525 2197 quum
556 2155 741 2189 adstrictus
758 2161 854 2189 esset
878 2166 941 2189 rex
966 2156 1204 2190 festinantiae.
1253 2156 1380 2189 deinde
1405 2155 1538 2189 duabus
1565 2159 1696 2189 tantum

241 2201 459 2234 uniremibus
489 2202 610 2245 regiae
635 2203 719 2236 navi
745 2203 932 2244 adiunctis,
959 2213 1063 2248 quum
1091 2213 1204 2248 usque
1229 2203 1270 2236 ad
1288 2202 1548 2237 Proconnesum
1576 2202 1699 2236 venis—

242 2253 317 2289 set,
347 2248 424 2291 ipsa
450 2249 485 2282 in
519 2250 578 2282 via
606 2250 638 2282 ei
666 2249 754 2283 utile
780 2251 892 2284 visum
928 2256 981 2285 est
1004 2250 1169 2294 Hyrcano
1203 2250 1390 2284 amicitiam
1417 2248 1623 2290 declarare,
1661 2254 1700 2283 ut

243 2295 394 2328 animum
435 2296 511 2329 eius
549 2297 616 2330 iam
654 2297 696 2330 ad
735 2298 972 2341 suspicionem
1007 2298 1051 2331 de
1077 2297 1222 2341 perfidia
1247 2304 1460 2341 propensum
1489 2297 1605 2329 denuo
1629 2296 1698 2335 sibi

242 2342 513 2385 reconsiliaret,
553 2348 588 2377 et
621 2344 670 2377 ita
708 2355 747 2378 re
778 2354 850 2378 non
885 2345 996 2379 verbo
1034 2344 1200 2388 probaret
1223 2344 1319 2389 regis
1348 2344 1499 2377 animum
1522 2344 1699 2388 integrum

245 2400 337 2432 esse,
363 2400 482 2435 neque
507 2391 618 2424 ullum
645 2391 763 2425 dolum
792 2392 1010 2435 expeditioni
1035 2393 1285 2426 intervenisse.
1333 2391 1462 2424 deinde
1488 2400 1591 2435 quum
1616 2388 1706 2434 ple.v
1752 2425 1757 2428 ,

244 2437 299 2470 nis
326 2437 418 2470 velis
444 2438 590 2481 primum
617 2439 788 2472 'l'enedem
815 2438 1023 2482 appulisset,
1050 2439 1099 2471 ibi
1125 2437 1346 2472 consultabat
1372 2437 1415 2471 de
1443 2437 1517 2471 filio
1545 2437 1698 2481 Hyrcani

245 2488 281 2517 et
303 2484 346 2517 de
371 2484 625 2529 redemptionis
664 2486 826 2528 pecuniis
861 2497 952 2530 quae
978 2486 1219 2520 Phocensibus
1243 2486 1421 2527 darentur,
1449 2490 1485 2519 et
1508 2485 1552 2519 de
1575 2485 1696 2518 uxoris

244 2530 354 2564 fratre
382 2532 581 2573 matthaeo,
607 2533 667 2577 qui
693 2532 823 2567 Tenedi
860 2534 897 2567 in
923 2543 1005 2567 arce
1033 2534 1068 2566 in
1098 2533 1255 2567 custodia
1279 2532 1465 2566 tenebatur
1493 2536 1528 2566 et
1554 2537 1697 2576 propter
1763 2566 1768 2579 f

243 2588 346 2621 quem
372 2579 516 2613 silentio
541 2579 778 2613 moliebantur
802 2581 1025 2623 seditionem,
1051 2581 1134 2625 qnid
1159 2580 1355 2613 faciendum
1382 2584 1488 2613 esset.
1516 2579 1605 2613 haec
1622 2579 1696 2624 igi-

242 2629 299 2658 tur
324 2626 372 2659 ita
397 2634 436 2660 se
462 2626 671 2669 habuerunt,
699 2632 734 2660 et
757 2633 962 2661 auctumnus
987 2628 1125 2661 interea
1150 2627 1276 2661 finivit.

377 2687 447 2723 lam
480 2698 567 2724 vem
610 2699 677 2735 ego
702 2693 807 2736 quum
835 2690 903 2725 ime
939 2691 1111 2733 venerim,
1134 2690 1304 2725 modicam
1331 2698 1450 2724 eorum
1477 2696 1566 2736 qnae
1589 2691 1694 2734 supra
1741 2671 1747 2674 ⁸
