1852 3138
277 194 372 242 390
677 187 970 241 NicEPnom
1017 193 1320 238 eamcam
1361 218 1378 256 :
1529 195 1531 198 ·

274 309 384 348 θεῖοι
413 306 600 360 πατέρες,
632 306 704 346 καί
720 301 902 357 μάλιστα
933 300 1099 343 πάντων
1127 303 1198 344 τοῦ
1230 302 1350 343 θείου
1375 301 1536 344 ἐκείνου
1565 296 1734 358 ἀνδρός,

234 397 237 402 ·
276 371 501 428 Θεοδώρου
545 372 657 428 φημί
690 373 762 412 τοῦ
791 368 1006 424 γράπτου,
1054 369 1114 417 εἰς
1151 364 1196 410 ὃν
1235 367 1256 409 ὅ
1287 366 1467 423 θρασύς·
1481 366 1635 418 ἐκεῖνος
1662 371 1737 412 καί

185 449 259 484 24
273 439 416 494 πόρρω
447 440 638 486 παιδείας
669 437 832 491 ἁπάσης
861 436 1049 488 βαδίζων
1092 434 1310 491 ἐξύβρισεν
1337 430 1575 491 ἄνθρωπος.
1643 438 1736 479 ἐπεὶ

130 508 133 511 ’
273 507 310 547 δ’
343 507 414 547 ἐπί
438 504 481 547 τὸ
509 509 653 558 χεῖρον
699 505 946 557 ἑκραγεῖσαν
985 497 1065 557 ἤδη
1099 500 1174 556 την
1216 503 1291 556 τῆς
1317 503 1593 558 βλασφημίας
1623 498 1733 545 εἶδεν

275 571 521 626 ὑπερβολήν,
552 572 625 612 καί
656 565 745 622 ἅμα
762 569 908 622 θυμοῦ
936 569 1010 610 καί
1034 569 1277 620 μανιώδους
1295 567 1475 623 γλώττης
1505 568 1560 610 ου’
1584 570 1765 624 πόρρω5

272 638 318 680 τό
347 634 452 692 ἦθος
480 637 670 686 ἐκείνων,
714 637 868 691 α’νέστη
895 651 940 677 τε
981 634 1114 685 εὕθὺς
1145 637 1219 677 καί
1246 633 1387 692 ἀπῄει,
1417 637 1587 689 χαίρειν
1614 637 1732 693 φρά-

272 720 349 752 σας
378 704 520 752 αὕτοΐς
552 706 649 758 πρίν
680 704 750 744 καί
792 699 1143 757 παραβολώτερόν
1185 717 1227 742 τι
1266 701 1446 743 οἰκοῦσαι
1477 702 1551 744 καὶ
1576 705 1732 745 παθεῖν

271 770 351 812 ὑπὸ
384 771 506 825 σφῶν
536 767 651 822 παρὰ
693 770 949 823 προσδοκίαν
997 765 1054 817 ὥς
1092 769 1135 811 ἐν
1172 766 1326 825 δικτιῖῳ
1368 765 1494 821 μόνος
1520 770 1731 822 περικλει-

271 839 402 889 σθείς,
430 842 514 884 τοῖς
541 837 748 889 αἰθερίοις
787 837 1091 891 παραπλησίως
1136 841 1305 891 πτηνοῖς
1323 870 1335 892 ‚
1366 835 1408 877 οἳ
1433 832 1511 890 τὴν
1539 836 1730 891 αἰθέριον

271 905 429 958 ἐκείνην
462 906 534 944 καί
571 902 757 959 φυσικὴν
799 900 1048 957 ἐλευθερίαν
1092 903 1294 958 ἀφέμενοι
1323 901 1438 956 ’πρὸς
1475 903 1622 944 δίκτυα
1659 900 1788 945 naim

269 971 451 1026 βρόχους
499 971 808 1023 αὐτομολοῦσιν
851 968 1091 1023 ἐθελονταί,
1138 971 1292 1028 σχεδίῳ
1335 969 1408 1012 καὶ
1445 968 1732 1026 φαντασιαῖδει

269 1036 405 1095 πλάνῃ
435 1033 615 1085 ἑαυτούς
644 1038 954 1092 ἑπιρρίπτοντες
998 1037 1050 1077 δι’
1097 1033 1327 1092 ἁπλότητα,
1357 1038 1454 1098 πρὶν
1499 1036 1729 1080 αἰσθέσθαι

268 1119 310 1146 τε
341 1105 414 1146 καί
442 1107 686 1157 σκέψασθαι
716 1103 789 1145 καί
817 1106 916 1159 πρίν
943 1107 1100 1157 μαθεῖν
1127 1102 1155 1145 ἃ
1185 1102 1270 1159 χρὴ
1301 1107 1467 1146 παθεῖν.

181 1181 254 1217 25
399 1169 538 1222 Ἐξιοόν
565 1186 610 1224 γε
639 1170 722 1225 μὴν
752 1173 914 1212 ἐκεῖθεν
933 1170 1179 1225 ἑνεττῖγχανε
1200 1169 1314 1227 παρὰ
1346 1169 1422 1226 την
1450 1169 1548 1213 ὁδὸν
1568 1167 1734 1225 σπορά-

269 1239 343 1292 δην
375 1233 512 1278 ἅλλοτ’
544 1231 687 1285 ἄλλοις
723 1239 797 1291 τῆς
820 1240 1078 1292 Παλαμικῆς
1107 1240 1305 1294 φατρίας,
1338 1240 1409 1281 ἐπί
1438 1235 1486 1279 τὸ
1514 1238 1590 1279 τοῦ
1611 1238 1732 1279 Καν-
1745 1244 1788 1279 15

265 1305 520 1359 τακουζηνοῦ
540 1306 765 1357 βαδίζουσι
783 1304 1116 1360 φροντιστήριον,
1134 1304 1204 1345 ὑπ’
1225 1306 1384 1347 ἐκείνου
1405 1303 1486 1361 πρό
1504 1306 1585 1346 τῶν
1602 1301 1731 1347 ἑωθι-

265 1373 346 1412 νῶν
375 1370 518 1412 αὐτῶν
553 1372 607 1411 δι’
634 1370 880 1412 ἀποστόλων
903 1374 1094 1428 κρυφίως
1127 1375 1317 1427 κληθεῖσι
1336 1371 1442 1426 πρός
1471 1369 1733 1425 διαλεκτικήν

264 1436 442 1479 σύνοδον
459 1432 590 1478 πάλαι
605 1441 903 1492 μελετηθεΐσαν
918 1436 1024 1479 κατὰ
1046 1440 1121 1480 τοῦ
1132 1439 1346 1494 Γρηγορᾶ,
1366 1439 1612 1493 ἐπαγγελίας
1625 1452 1731 1492 προ-

267 1501 488 1559 ειληφόσιν
518 1506 682 1546 ἐκεῖθεν
714 1506 811 1558 παρ’
843 1505 958 1562 αὐτῷ
987 1502 1063 1559 τὴν
1094 1505 1257 1559 ἡμέραν
1289 1503 1448 1560 ἐκείνην
1476 1506 1730 1548 διατελέσειν

266 1565 447 1614 ἅπασαν.
521 1570 765 1623 ἐθαύμαζον
820 1565 895 1611 οὖν
942 1572 1091 1612 ἐκεῖνοι
1141 1569 1254 1625 παρὰ
1294 1573 1552 1625 προσδοκίαν
1601 1567 1786 1616 αὖτόνῖῦ
1834 1613 1835 1617 ,

266 1635 445 1676 α’πιόντα
478 1632 655 1690 δρῶντες
690 1632 845 1692 ἀρτίως
871 1635 942 1679 τόν
966 1639 1205 1693 Γρηγορᾶν,
1235 1639 1310 1680 τοῦ
1341 1637 1463 1694 ἡλίου
1484 1636 1564 1689 τοὶς
1592 1654 1728 1693 πρωι-

266 1699 341 1749 νιὶς
369 1701 567 1751 α’νόοντος
597 1700 656 1745 ἔτι
687 1708 873 1758 πορείας.
941 1703 1012 1747 καὶ
1048 1706 1187 1747 τοίνυν
1226 1703 1329 1747 ἔνιοι
1367 1703 1527 1747 τούτων
1554 1702 1726 1747 κατόπιν

265 1765 491 1823 δραμόντες
523 1770 694 1833 η’ροότων
733 1772 807 1826 τῆς
847 1767 959 1814 οὕτω
1002 1775 1174 1827 ταχείας
1218 1771 1422 1816 ἐπανόδου
1458 1769 1535 1828 τὴν
1569 1772 1725 1815 αἰτίαν.

264 2003 442 2037 ecclesiae
468 2008 668 2038 sanctorum
697 2005 855 2040 virorum
881 2007 1054 2052 dogmatis
1090 2013 1125 2043 et
1159 2018 1223 2052 pro
1249 2008 1381 2043 sanctis
1413 2008 1571 2052 patribus
1595 2009 1656 2054 qui
1681 2020 1723 2044 ea

263 2056 537 2093 composuerant
564 2057 598 2085 et
619 2052 777 2095 inprimis
812 2064 877 2097 pro
904 2060 1025 2089 sancto
1054 2056 1133 2089 viro
1157 2055 1363 2098 Theodoro,
1389 2055 1468 2089 dico
1495 2055 1723 2090 dilaceratum

265 2096 385 2138 illum,
412 2099 447 2130 in
478 2109 580 2142 quem
606 2098 709 2132 homo
736 2106 924 2143 proteruus
950 2102 1014 2135 ille
1050 2107 1085 2136 et
1112 2103 1293 2136 doctrinae
1327 2103 1440 2136 omnis
1472 2102 1627 2137 violator
1658 2115 1722 2138 su-

263 2144 454 2187 perbierat.
515 2146 577 2179 sed
613 2157 718 2190 quum
751 2148 787 2180 in
827 2149 928 2191 peius
966 2150 1059 2182 verti
1094 2149 1378 2193 blasphemorum
1414 2150 1650 2195 arrogantiam
1687 2156 1724 2184 et

262 2196 415 2223 mentem
441 2191 584 2225 illorum
613 2199 647 2226 et
672 2194 892 2229 furibundam
921 2195 1077 2241 linguam
1104 2207 1240 2230 omnem
1266 2197 1515 2230 verecundiam
1542 2197 1721 2240 deponere

262 2237 421 2279 videret3
447 2240 602 2272 surrexit
627 2247 775 2284 repente
803 2248 837 2275 et
861 2242 958 2276 abiit.
1008 2243 1131 2277 maluit
1157 2244 1248 2276 enim
1274 2243 1356 2277 loco
1375 2243 1503 2277 cedere
1524 2254 1626 2288 quam
1654 2255 1720 2278 au-

261 2285 337 2317 dire
366 2296 454 2329 quae
490 2287 599 2331 magis
636 2290 738 2321 etiam
772 2289 982 2331 insolentia,
1018 2296 1054 2324 et
1088 2291 1161 2334 pati
1194 2290 1327 2335 aliquid
1360 2290 1402 2324 ab
1440 2291 1484 2324 iis
1511 2292 1720 2335 improviso,

264 2331 399 2365 retibus
425 2333 583 2366 irretitus
608 2334 718 2368 instar
743 2337 861 2370 avium
899 2337 1108 2371 coelestium
1143 2348 1234 2382 quae
1260 2337 1432 2371 libertatis
1469 2338 1507 2370 in
1532 2348 1615 2371 aere
1641 2344 1676 2372 et
1699 2349 1720 2372 a
1751 2373 1755 2375 ,

262 2384 389 2411 natura
418 2380 484 2413 sibi
509 2381 610 2414 datae
637 2382 770 2416 oblitae
808 2384 845 2416 in
882 2384 973 2417 retia
999 2390 1105 2418 ruunt
1141 2384 1362 2418 voluntariae
1388 2390 1424 2418 at
1451 2385 1523 2418 hun
1547 2384 1636 2419 illuc
1660 2391 1719 2419 te..

261 2435 358 2458 mere
384 2427 576 2460 volitantes
613 2435 724 2462 semet
758 2431 858 2474 ipsae
894 2431 1058 2465 irretiunt
1093 2441 1222 2465 caecae
1251 2432 1451 2476 priusquam
1482 2433 1660 2466 senserint
1685 2437 1720 2465 et

263 2473 576 2508 animadverterint
602 2481 636 2509 ct
666 2477 889 2511 observarint
906 2488 996 2523 quae
1021 2479 1110 2523 ipsis
1143 2478 1366 2512 imminerent
1390 2479 1562 2523 pericula.

396 2537 516 2581 ltaque
542 2549 646 2582 quum
673 2540 819 2575 abiisset
844 2542 920 2586 ipsa
945 2543 982 2576 in
1006 2543 1065 2576 via
1097 2542 1226 2586 passim
1252 2541 1412 2586 singulos
1449 2543 1547 2577 viros
1573 2543 1719 2577 offendit

263 2593 281 2614 e
309 2583 442 2616 familia
480 2584 738 2629 Palamitarum,
777 2590 836 2632 qui
881 2589 923 2622 ad
961 2590 1198 2625 Cantacuzeni
1233 2590 1482 2623 monasterium
1522 2590 1717 2634 pergebant

263 2630 305 2662 ab
333 2630 397 2663 illo
423 2631 490 2664 iam
529 2638 610 2665 ante
636 2635 780 2677 primam
805 2635 920 2669 lucem
954 2647 1018 2680 per
1050 2646 1244 2680 praecones
1270 2636 1359 2670 clam
1396 2637 1558 2670 advocati
1582 2637 1626 2670 ad
1650 2647 1714 2680 sy-

261 2678 390 2710 nodum
417 2678 638 2713 dialecticam
665 2691 755 2725 quae
781 2683 848 2715 iam
874 2683 986 2717 multo
1011 2689 1093 2717 ante
1116 2684 1152 2717 in
1172 2684 1362 2727 Gregoram
1395 2684 1539 2717 decreta
1565 2688 1650 2717 erat.
1678 2683 1715 2716 hi

262 2724 350 2756 iussi
379 2730 478 2757 erant
503 2730 611 2758 totum
639 2728 730 2760 diem
765 2728 864 2762 illum
894 2731 985 2774 apud
1016 2741 1136 2775 regem
1162 2739 1317 2763 manere.
1375 2740 1483 2775 quare
1508 2735 1714 2774 stupuerunt

260 2779 382 2813 quumr—
409 2776 548 2814 praeter
583 2775 798 2816 opinionem·
820 2775 917 2810 abiro
950 2776 1112 2811 viderent
1138 2776 1327 2822 Gregoram
1362 2773 1535 2821 tempore-
1559 2786 1630 2822 quo
1658 2775 1714 2810 ⁵01
