1760 3138
45 373 212 411 ·f.97a.

233 131 295 178 10
446 200 451 204 q
500 136 502 139 ’
628 137 923 180 NlGEPHORl
962 136 1268 181 GREGORAE

229 257 310 284 των
337 244 616 286 παντοδαπῶν
653 243 726 286 καί
748 240 837 298 ἅμα
857 244 1016 285 πόλεων
1045 243 1118 286 καί
1146 246 1338 298 λιμένων,
1364 246 1436 288 καὶ
1463 243 1556 288 οἵαν
1584 245 1689 288 sua-

228 324 308 350 στα
338 307 495 351 τούτων
522 307 611 365 ἔχει
630 310 704 366 τήν
734 313 855 352 θέσιν
877 308 982 364 πρός
998 326 1043 352 τε
1074 307 1235 364 ἄλληλα
1261 309 1332 352 καί
1360 305 1454 354 ὅλον
1468 308 1515 354 τὸ
1541 313 1688 366 σχῆμα
1736 309 1742 327 ³

228 377 301 430 τῆς
330 378 419 430 γῆς,
449 372 520 418 α’τε
540 379 592 433 τῇ
621 379 694 432 τῆς
716 377 1020 431 οἷστρονομικῆς
1044 378 1075 402 “
1097 376 1324 432 ἐπιστήμης
1342 378 1466 436 χρείᾳ
1492 378 1689 433 μεγίστην
1742 434 1745 439 ¹

227 442 497 523 παρεχόμενα
526 441 600 498 τὴν
627 445 880 485 συντέλειαν.
955 441 975 484 ὃ
1005 444 1052 485 δέ
1080 459 1162 497 με
1174 442 1337 485 πάντων
1369 445 1569 496 μάλιστα
1588 445 1689 486 ἐπε-
1750 482 1752 486 ,

227 506 358 550 πείκει
388 508 458 551 τὸν
487 507 665 551 ἔκπλουν
694 510 972 564 ἐπιταχῦναι,
1002 507 1055 553 τοί
1075 525 1129 553 τε
1157 511 1226 564 τῆς
1257 510 1475 566 ἐκκλησίας
1503 510 1760 566 vavoirm5
1746 507 1760 550 ⁴!

227 567 291 630 ἦν,
323 591 390 616 και
420 570 500 617 ὅσα
529 581 612 625 τοῖς
642 579 864 625 πολιτικοῖς
892 575 1055 633 ἐπεφύη
1080 577 1306 631 τηνικαῦτα
1325 573 1547 630 νοσήματα
1574 577 1687 632 προῖ-

226 658 358 696 γμασι
387 641 547 684 τούτων
576 659 621 696 γε
651 644 783 684 ἕνεκα.
855 637 915 692 οἷς
942 641 1022 699 γάρ
1055 642 1147 685 τότε
1195 642 1382 695 μάλιστα
1409 641 1576 686 πάντων
1599 643 1688 685 σαί-
1752 687 1760 690 ,

229 708 315 759 ζειν
360 709 456 763 ἐνῆν
498 707 550 750 τὰ
592 710 663 763 τῆς
692 711 901 759 πολιτείας
939 710 1186 765 πράγματα,
1212 712 1346 751 ταῦτα
1382 707 1474 751 τότε
1501 708 1688 763 μάλιστα

229 773 396 815 πάντων
443 774 642 828 ἠλαύνετο
686 776 759 817 καί
800 776 970 832 σφόδρα
1010 778 1232 829 δυστυχῶς
1263 777 1470 829 διέκειτο,
1501 778 1606 831 λέγω
1635 773 1685 830 δὴ

230 837 281 882 τοὶ
310 841 384 895 τῆς
409 841 627 901 &duest-elac
648 843 899 897 πράγματα·
959 842 1143 897 δόγματα
1164 842 1245 896 γὰρ
1278 844 1586 898 ἀλλαττομένης
1614 835 1691 897 τηέ
1703 849 1748 885 10

226 909 408 949 νικαῦτα
440 909 622 964 ἐκείνης,
664 908 717 951 τά
748 908 983 963 Παλαμικοὶ
1015 908 1174 964 δηλαδὴ
1205 911 1290 951 τῶν
1319 912 1529 964 πατρίων,
1560 923 1689 964 πονη-

231 973 313 1028 ρῶς
343 970 432 1028 εἶχε
460 973 505 1015 τὸ
538 978 661 1030 σῶμα
691 979 763 1030 τῆς
797 980 1024 1028 πολιτειάς,
1069 978 1139 1017 καί
1165 977 1306 1018 πᾶσαν
1336 973 1496 1032 ἔφραζε
1524 977 1691 1030 χαίρειν
1741 994 1760 1018 κ

230 1040 381 1083 ἐλπίδα
402 1042 612 1096 χρηστήν·
671 1041 716 1083 τὸ
746 1042 826 1098 γάρ
853 1042 1054 1099 φορτικὸν
1085 1042 1156 1084 καί
1182 1042 1348 1094 ἀμαθὲς
1380 1043 1465 1084 τῶν
1493 1041 1691 1098 ἡγεμονι-

229 1107 314 1148 κοιῖν
344 1102 509 1161 ἀνδρῶν
550 1108 682 1164 αὐτήν
713 1125 755 1150 τε
793 1109 1076 1164 ἐκαπήλευσεν
1121 1107 1417 1163 α’σελγῶςῚὴν
1466 1106 1689 1163 ἀλήθειαν,

230 1174 303 1214 καί
331 1173 616 1230 ἀπαραίτητος
660 1176 803 1218 ἵστατο
829 1174 1035 1229 κολαστὴς
1075 1176 1146 1230 τῆς
1177 1175 1303 1231 μόνης
1332 1175 1481 1226 σώζειν
1510 1176 1691 1228 δυναμέ-
1706 1179 1748 1214 15

232 1254 304 1294 νης
331 1236 418 1281 τότε
448 1239 491 1281 τό
521 1243 635 1294 γένος
667 1240 849 1291 ἐλπίδος,
923 1238 1019 1282 ὅθεν
1062 1243 1421 1297 ζωγραφουμένην
1463 1243 1507 1284 ἑν
1541 1238 1690 1291 τύποις

231 1302 295 1347 ἔτι
324 1303 398 1359 τὴν
426 1308 548 1348 θείαν
573 1310 740 1360 βλέπων
771 1306 899 1363 ὀργήν
918 1341 929 1361 ,
959 1308 1030 1350 καί
1056 1304 1142 1351 οἷον
1174 1309 1218 1349 ἑν
1247 1305 1502 1363 σπαργάνοις
1532 1305 1596 1350 ἔτι
1624 1307 1696 1350 καὶ

229 1371 378 1426 γάλαξι
402 1376 700 1429 1κρυπτομένην,
727 1376 802 1429 γῆν
835 1373 1114 1417 ἀλλάττεσθαι
1143 1377 1216 1429 γῆς
1241 1373 1416 1427 ἐνόμισα
1447 1376 1534 1416 δεῖν
1554 1406 1566 1427 ,
1594 1374 1694 1429 πρὶν

233 1440 277 1479 ἐν
316 1436 459 1487 ὅπλοις
508 1436 737 1495 ὑπαίθροις
783 1441 1116 1497 στρατευομένης
1143 1440 1264 1500 βκοιτοὶ
1313 1440 1394 1482 τῶν
1436 1437 1694 1482 ἀδικούντων

235 1503 364 1559 αὐτῆς
392 1508 650 1560 πειραθῆναι
673 1506 992 1563 κραταιότερον·
1049 1506 1206 1563 χρόνου
1239 1507 1359 1564 [γὰρ]
1391 1506 1460 1548 αἐἱ
1485 1508 1750 1560 στοχάζε-ΞΟ

233 1573 337 1612 σθαι
378 1571 466 1612 δεῖν
506 1568 587 1629 ὅτῳ
616 1574 713 1622 νοῦς
760 1580 951 1616 συνοικεῖ
983 1579 1233 1630 σωφρονῶν,
1262 1574 1335 1615 καί
1371 1572 1429 1628 μή
1459 1573 1596 1630 καιρῷ
1623 1576 1694 1615 καί

233 1634 385 1690 τύχαις
403 1643 672 1693 προσομιλεῖν
691 1641 891 1694 ἀβέβαιον
909 1643 1174 1695 κεκτημένοις
1190 1643 1398 1693 θεμέλιον,
1424 1641 1499 1682 καί
1515 1639 1693 1692 μάλισθ’

235 1699 305 1743 ὅτε
337 1706 482 1759 ψυχῆς
513 1705 733 1748 α’θανάτου
754 1705 935 1756 θάνατος
957 1703 1170 1756 οἷθοὶνατος
1198 1707 1468 1761 οἷκονομοῖτο,
1497 1706 1605 1761 μηδὲ
1637 1706 1695 1761 τῷ

234 1918 373 1956 tempus
400 1913 609 1956 optaverim,
639 1917 678 1946 ut
700 1922 757 1947 res
788 1913 899 1947 omnis
930 1914 1074 1958 generis
1105 1911 1282 1956 urbesque
1310 1922 1351 1945 ac
1379 1917 1500 1956 portus
1525 1912 1693 1954 viserem,

244 1965 279 1993 et
305 1970 489 2004 quemnam
520 1970 639 1994 eorum
671 1961 825 2004 quidque
857 1960 1004 1993 haberet
1034 1960 1137 1993 situm
1163 1961 1255 1992 inter
1283 1969 1322 1993 se
1358 1964 1393 1992 et
1419 1959 1462 1992 ad
1487 1963 1595 1992 totam
1618 1965 1695 1993 ter..

237 2018 298 2041 rae
323 2007 450 2040 faciem
481 2017 747 2052 cognoscerem,
775 2009 906 2052 quippe
935 2018 1039 2052 quum
1063 2007 1098 2039 id
1115 2006 1301 2050 plurimum
1320 2006 1480 2039 conferat
1503 2007 1545 2039 ad
1573 2007 1695 2041 scien-

238 2055 321 2088 tiam
346 2056 616 2087 astronomicam
645 2055 906 2098 perficiendam.
968 2053 1061 2098 quod
1091 2058 1206 2086 autem
1231 2054 1418 2098 plurimum
1442 2063 1519 2095 me,
1546 2059 1585 2086 ut
1609 2063 1695 2097 pro-

242 2102 433 2135 fectionem
459 2101 711 2143 accelerarem,
732 2102 992 2143 adhortabatur,
1020 2100 1194 2134 ecclesiae
1229 2107 1302 2135 erat
1326 2101 1547 2144 naufragium
1577 2106 1612 2133 et
1636 2101 1696 2144 qui

241 2149 324 2182 inde
349 2148 454 2181 rebus
480 2148 632 2192 publicis
658 2148 936 2182 adnascebantnr
962 2148 1086 2181 morbi.
1139 2148 1232 2191 quod
1259 2148 1348 2181 enim
1373 2152 1445 2180 tum
1460 2147 1521 2181 vel
1546 2148 1696 2180 maxime

238 2194 458 2239 reipublicae
496 2201 621 2229 statum
665 2206 809 2231 servare
831 2196 971 2239 potuit,
1011 2195 1044 2228 id
1078 2195 1389 2228 vehementissime
1423 2194 1619 2228 vexabatur
1662 2199 1697 2226 et
1738 2220 1743 2225 .

238 2243 391 2286 pessime
419 2242 612 2284 laborabat,
638 2243 717 2276 dico
743 2240 967 2287 religionem.
998 2252 1087 2286 quae
1122 2253 1225 2286 quum
1254 2246 1483 2274 commutaret
1507 2247 1578 2274 tum
1604 2241 1696 2285 dog-

237 2294 329 2323 mata
351 2289 512 2323 Palamac
555 2301 632 2323 cum
664 2291 708 2324 iis
747 2301 837 2334 quae
874 2301 894 2323 a
929 2289 1083 2335 patribus
1111 2289 1214 2322 nobis
1242 2289 1366 2322 tradita
1405 2293 1510 2330 sunt,
1541 2289 1696 2323 civitatis

240 2346 368 2380 corpus
397 2347 505 2380 aegre
544 2338 706 2370 affectum
734 2343 808 2370 erat
836 2337 1039 2381 nullamque
1077 2336 1219 2380 probam
1249 2346 1346 2379 spem
1371 2345 1456 2379 prae
1482 2346 1521 2368 se
1548 2335 1695 2368 ferebat.

239 2384 400 2417 homines
427 2384 519 2416 enim
548 2385 607 2428 qui
632 2382 712 2417 tum¹
728 2385 833 2418 rebus
873 2389 1079 2428 praeerant,
1115 2394 1182 2427 qua
1211 2388 1309 2416 crant
1334 2383 1475 2416 sordida
1503 2388 1538 2415 ct
1563 2381 1698 2415 inculta

238 2431 345 2464 animi
370 2430 505 2472 indole,
535 2432 721 2465 veritatem
746 2432 855 2486 ipsam
887 2431 1187 2484 impudentissime
1215 2429 1445 2464 venditabant
1470 2434 1505 2462 et
1528 2430 1696 2462 inexora-

238 2478 330 2511 biles
367 2483 466 2510 erant
490 2479 720 2524 castigatores
760 2480 861 2522 spei,
897 2489 986 2522 quae
1015 2483 1085 2510 tum
1120 2478 1225 2510 unice
1251 2487 1363 2520 genus
1398 2486 1544 2509 servare
1570 2477 1695 2519 potuit.

238 2526 368 2569 quain
396 2536 435 2557 re
470 2536 575 2569 quum
599 2526 683 2558 iram
725 2527 878 2559 divinam
914 2526 1034 2569 primis
1065 2521 1287 2558 lineamentis
1323 2523 1556 2557 adumbratam
1593 2528 1698 2566 atque

240 2572 354 2605 veluti
379 2572 602 2606 incunabulis
635 2573 902 2607 delitescentem
938 2583 978 2605 ac
1018 2571 1208 2605 lactentem
1237 2571 1415 2611 viderem,
1456 2575 1583 2603 terram
1620 2579 1698 2602 cum

236 2625 331 2652 terra
360 2619 446 2652 mihi
473 2621 749 2654 commutandam
785 2630 863 2653 esse
897 2619 1061 2660 decrevi,
1088 2622 1280 2662 antequam
1319 2628 1394 2650 eam
1429 2617 1532 2650 armis
1566 2616 1699 2660 apertis

237 2665 414 2709 improbos
442 2668 614 2699 acerrimo
640 2668 772 2711 impetu
806 2667 1029 2701 invadentem
1076 2667 1270 2709 experirer.
1321 2665 1425 2697 homo
1451 2665 1543 2697 enim
1572 2663 1699 2696 corda..

238 2717 296 2747 tus
326 2713 558 2762 piudentique
588 2715 703 2748 animo
747 2715 922 2759 praeditus
947 2714 1113 2756 temporis
1141 2713 1310 2746 rationem
1338 2722 1512 2756 nunquam
1537 2721 1608 2744 non
1634 2709 1700 2745 ha-
