1786 3138
261 126 360 181 476
664 142 958 187 Nicnpnom
1004 145 1306 190 eaEeoaAn

265 247 326 298 ζει
353 247 458 304 πρὸς
486 243 641 292 ἑαυτοῦ
670 252 920 311 συμμαχίαν
952 250 1077 307 ῥητοί·
1136 251 1192 302 ὦς
1220 255 1415 308 γινεσθαι
1441 256 1620 312 τριπλην
1645 254 1719 298 καὶ

263 316 508 369 πολλαπλῆν
538 315 612 371 τὴν
640 318 767 373 ζάλην
798 313 860 367 οἷς
888 318 994 372 πρὸς
1024 320 1266 374 βουλήσεως
1302 317 1367 374 εἴη
1396 321 1621 376 προσέχειν
1646 319 1719 364 τὸν

227 413 229 417 .
262 381 381 430 νοῦν,
413 381 485 423 καί
526 381 615 436 ἅμα
658 385 830 426 διπλοῦν
859 385 932 426 καί
958 388 1226 428 πολλαπλοῦν
1253 387 1326 441 τῆς
1370 387 1561 441 ἀμαθίας
1590 384 1728 429 αὖτοῦ

263 447 337 488 καί
364 450 647 504 κακοτροπίας
678 448 748 491 τὸν
788 450 978 506 ἔλεγχον·
1055 451 1163 494 ἔοικε
1205 452 1286 508 γὰρ
1317 450 1460 509 ὥσπερ
1491 453 1717 509 αἰνίγματα

212 513 498 560 εισυντιθέντι
527 514 695 571 ὁτῳοῦν.
729 515 792 559 διὸ
824 517 896 560 καί
926 523 1097 560 σκοπεῖν
1127 518 1271 574 ἔκρινα
1304 522 1403 570 δεῖν,
1431 518 1575 575 μήπου
1608 518 1753 567 ἀπο-5

264 582 500 635 πειρᾶσθαι
525 583 728 638 βούληται
755 586 997 638 Παλαμᾶς,
1031 585 1068 626 εἰ
1099 582 1182 642 ἄρα
1211 585 1427 641 γνώσομαι
1449 585 1715 649 χαριξπιζο-

261 647 390 701 μένου
424 648 554 690 αὐτοῦ
583 651 656 692 καί
684 651 855 707 σφόδρα
885 652 1072 707 λέγοντος
1101 649 1255 695 ἑαυτοῦ
1282 647 1479 695 τάναντία
1497 651 1716 705 παντάπα-
1757 658 1759 660 ’

263 730 341 764 σιν,
374 712 516 770 ὥσπερ
548 712 598 757 ἂν
628 717 665 757 εἰ
685 717 950 771 ἀντωμοσίαν
979 719 1313 774 διαμειψάμενος
1345 718 1483 775 ἔλεγεν
1509 712 1716 774 ἄντικρυς,

261 778 326 822 ὅτι
357 779 383 822 ἃ
413 782 617 837 προτείνω
649 785 722 825 καί
751 784 960 838 βούλομαι
990 784 1142 840 λέγειν,
1182 787 1314 828 ταῦτα
1346 786 1450 841 δῆτα
1491 783 1540 827 οῦ
1565 783 1717 838 βούλο-

258 863 339 901 μαι
368 847 527 903 λέγειν,
573 849 646 891 καὶ
690 845 751 899 οἷς
789 850 1038 907 ἀπαγορεύω
1075 850 1135 907 μή
1179 856 1424 908 συμφωνεῖν
1459 850 1716 900 κακοδόξοις,
1731 859 1775 894 10

259 913 420 964 τούτοις
450 915 494 956 ἐκ
523 916 597 956 τοῦ
641 919 888 977 προφανοῦς
932 921 1173 974 συμφωνοῖ,
1205 916 1322 972 παρά
1356 918 1550 960 τοσοῦτον
1583 915 1718 959 αὐτῶν

261 981 526 1035 διιστάμενος
556 987 656 1038 παρ’
703 982 802 1026 ὅσον
850 984 999 1034 αὐτοὺς
1038 986 1081 1027 ἐν
1118 990 1262 1035 κακοῖς
1299 983 1578 1041 ὑπερβάλλω·
1645 986 1718 1041 τῆς

259 1047 340 1104 γὰρ
371 1050 520 1099 κακίας
553 1050 623 1092 ἐπὶ
649 1049 695 1093 τὸ
732 1052 952 1107 φιλότιμον
990 1052 1256 1107 κινουμένης,
1288 1050 1336 1092 οὗ
1365 1052 1482 1105 μα’λα
1508 1053 1718 1107 βραχεῖαν

258 1113 332 1169 τήν
374 1117 643 1173 παρενθήκην
681 1117 752 1159 ἐπὶ
794 1122 880 1167 τοῖς
919 1119 1087 1161 ἐκείνων
1140 1119 1410 1175 βλασφήμοις
1451 1117 1718 1172 ἐνεδειξάμην

259 1179 352 1235 ἐγώ,
383 1182 434 1223 ἵν’
466 1181 622 1225 οὖτωσί
652 1185 901 1239 περιβόητον
942 1186 1161 1240 κτήσωμαι
1189 1181 1397 1238 τοῦνομα·
1474 1189 1608 1231 ποιεῖν
1634 1182 1716 1239 γὰρ
1731 1190 1774 1224 15

259 1244 424 1301 ἥκουσα
454 1250 729 1305 περιβοήτους
761 1249 809 1291 οὗ
855 1251 992 1302 δεξιὰς
1021 1251 1193 1307 πράξεις
1228 1251 1368 1305 μόνον,
1403 1250 1510 1292 ἀλλὰ
1539 1249 1612 1293 καί
1639 1265 1716 1291 κα-

259 1315 355 1357 κίαν
383 1317 567 1358 νικῶσαν
602 1318 796 1373 πονηρῶν
826 1317 1106 1374 εὐδοκίμησιν.

210 1398 243 1431 5
397 1380 542 1432 Οὕτως
591 1381 767 1434 ἄστατος
810 1385 883 1426 καί
926 1383 1125 1438 ἀβέβαιός
1163 1386 1252 1427 ἐστι
1286 1386 1360 1427 καί
1391 1383 1646 1441 ἀνέδραστος
1675 1385 1718 1436 ἐξ

262 1447 464 1502 ἀμαθίας,
498 1447 555 1498 ὥς
581 1450 688 1505 μήθὦ
722 1449 748 1491 ἃ
773 1455 865 1493 νοεῖ
889 1451 1100 1493 δύνασθαι
1129 1452 1282 1507 λέγειν,
1311 1451 1417 1507 μήθ)
1450 1449 1477 1493 ἃ
1504 1451 1616 1507 λέγει
1645 1447 1717 1494 δῦ-

260 1517 420 1556 νασθαι
462 1519 673 1567 ξυννοεῖν,
722 1516 830 1558 ἀλλὰ
863 1518 935 1559 καί
974 1512 1035 1567 οἷς
1075 1518 1153 1571 μὲν
1183 1522 1379 1559 κοινωνεῖ
1399 1519 1776 1575 βλασφημοῦσι,2ο

260 1580 432 1632 τούτους
463 1584 600 1624 δοκεῖν
622 1581 914 1634 ἀποσείεσθαι,
938 1582 1009 1633 οὓς
1038 1585 1076 1625 δ’
1109 1583 1363 1635 ἀποσειέται,
1392 1584 1552 1634 τούτοις
1582 1586 1718 1627 δοκεῖν

259 1653 499 1699 κοινωνεῖν,
545 1649 618 1691 καί
659 1647 788 1706 ἄμφω
818 1650 897 1704 μὲν
939 1653 1147 1706 λοιδορεῖν
1193 1650 1353 1707 ἀμφοῖν
1383 1651 1430 1693 δὲ
1458 1654 1718 1708 συμφωνεῖν.

259 1714 332 1756 καὶ
361 1714 434 1756 οὐκ
480 1710 560 1757 οἶδ’
609 1714 810 1773 ὁπότερον
849 1717 927 1770 μὲν
967 1718 1050 1758 τῶν
1089 1718 1228 1758 κακῶν
1262 1716 1505 1760 ἀποσείεται
1530 1718 1717 1772 μάλιστα

259 1782 436 1833 πάντων,
469 1771 655 1841 ὄῗῑοτέρῳ
698 1785 737 1825 δ’
769 1781 825 1826 αὖ
861 1783 1086 1826 σπένδεται
1110 1783 1294 1838 μάλιστα
1334 1784 1522 1826 πάντων·
1580 1783 1715 1827 πάντα

257 1976 393 2010 sionem
420 1974 703 2009 animadvertant
730 1979 766 2008 et
789 1974 898 2009 multa
931 1975 1143 2009 inscientiae
1173 1975 1249 2009 eius
1282 1980 1318 2009 et
1342 1973 1572 2019 malignitatis
1595 1974 1709 2009 doen..

257 2028 386 2056 menta.
444 2021 571 2056 similis
605 2022 695 2056 enim
735 2024 768 2054 ei
795 2027 872 2064 est,
907 2023 967 2067 qui
1005 2024 1204 2068 aenigmata
1243 2022 1422 2066 proponit.
1479 2021 1560 2055 ideo
1588 2021 1712 2056 videre

258 2069 459 2104 existimavi
486 2074 673 2113 oportere,
713 2079 758 2101 ne
781 2069 898 2102 vellet
923 2070 1076 2113 experiri
1106 2069 1262 2103 Palamas
1279 2094 1290 2111 ‚
1315 2079 1396 2102 num
1426 2067 1666 2113 intelligerem
1691 2079 1712 2102 e

255 2127 296 2151 re
324 2127 401 2150 mea
428 2126 467 2150 se
490 2116 589 2160 loqui
617 2126 729 2160 eaque
756 2116 860 2149 valde
886 2117 1084 2158 contraria,
1109 2122 1146 2150 ut
1170 2117 1200 2150 si
1225 2117 1302 2162 quis
1327 2116 1364 2148 in
1389 2115 1610 2150 defendendo
1636 2116 1711 2149 cri..

256 2165 350 2198 mine
377 2164 567 2205 existeret,
595 2173 686 2208 quae
705 2163 892 2207 profiterer
912 2164 953 2199 vet
970 2163 1100 2197 vellem
1123 2164 1255 2205 dicere,
1281 2172 1352 2196 non
1377 2173 1432 2196 me
1453 2161 1551 2197 velle
1576 2162 1710 2205 dicere,

259 2217 294 2246 et
322 2211 529 2255 quibuscum
555 2212 805 2245 contenderem
833 2221 879 2243 ne
897 2211 1131 2244 consentirem
1146 2210 1328 2254 improbis,
1357 2220 1434 2242 cum
1458 2210 1509 2243 eis
1524 2219 1579 2242 me
1604 2219 1709 2253 pror..

257 2269 316 2292 sus
343 2259 571 2300 consentire,
608 2263 793 2301 tantopere
817 2257 860 2291 ab
886 2257 959 2290 illis
983 2262 1175 2299 remotum,
1201 2261 1421 2301 quantopere
1448 2266 1509 2290 eos
1537 2256 1709 2299 improbi-

256 2311 327 2339 tate
355 2315 542 2348 exsupero.
603 2305 807 2347 improbitas
845 2305 937 2337 enim
971 2315 1073 2348 quum
1106 2304 1149 2337 ad
1176 2304 1400 2337 ambitionem
1435 2308 1710 2344 commoveatur,

256 2363 328 2387 non
353 2352 465 2386 breve
493 2357 591 2385 certe
617 2352 758 2385 illorum
786 2351 1016 2394 blasphemiis
1042 2351 1309 2384 additamentum
1332 2349 1425 2391 dedi,
1454 2355 1492 2382 ut
1514 2348 1578 2383 tali
1606 2350 1709 2383 modo

256 2399 389 2434 clarum
414 2409 543 2432 nomen
573 2399 800 2442 adipiscerer.
852 2398 968 2432 claros
1011 2399 1101 2431 enim
1129 2398 1203 2431 fieri
1243 2406 1314 2430 non
1340 2402 1438 2430 recte
1467 2397 1569 2430 factis
1595 2395 1710 2430 solum

255 2447 399 2488 audivi,
436 2456 559 2480 verum
593 2447 697 2480 etiam
731 2456 773 2479 ea
820 2457 910 2490 quae
946 2445 1202 2489 improbitatem
1249 2448 1437 2487 exsuperat
1478 2442 1710 2478 scelestorum

255 2494 381 2539 gloria.

387 2551 584 2594 Tantopere
610 2551 785 2584 instabilis
809 2556 844 2584 et
869 2549 1009 2583 mobilis
1031 2555 1065 2583 et
1081 2550 1283 2583 inconstans
1309 2558 1371 2592 per
1396 2548 1617 2582 inscientiam
1643 2553 1708 2591 est,

257 2603 296 2631 ut
318 2609 387 2632 nec
412 2599 531 2631 dicere
557 2598 668 2641 possit
700 2608 790 2642 quae
824 2599 956 2642 cogitat
986 2607 1055 2630 nec
1081 2596 1238 2641 cogitare
1276 2605 1367 2639 quae
1392 2595 1502 2638 dicit,
1536 2596 1597 2630 sed
1627 2596 1710 2640 qui..

256 2644 403 2678 buscum
440 2644 677 2688 blasphemias
705 2646 958 2685 communicat,
999 2654 1060 2677 eos
1087 2644 1248 2677 videatur
1273 2643 1451 2684 aversari,
1481 2652 1567 2686 quas
1592 2647 1709 2675 autem

258 2697 457 2734 aversatur,
484 2702 560 2725 cum
587 2692 630 2724 iis
658 2692 936 2732 communicare,
970 2691 1018 2723 ita
1043 2696 1080 2723 ut
1114 2689 1254 2722 eosdem
1282 2695 1316 2722 ct
1341 2689 1559 2722 obtrectetur
1585 2694 1621 2722 et
1646 2698 1708 2722 se-

260 2743 396 2783 quatur.
463 2749 530 2771 nec
571 2738 646 2771 scio
692 2749 874 2783 quemnam
910 2738 1096 2780 impiorum
1135 2737 1287 2770 omnium
1325 2737 1474 2769 maxime
1510 2740 1707 2777 aversetur,
