1852 3138
53 47 61 51 ι
48 0 65 44 '‘h-'pl

297 142 600 189 msromAE
627 142 972 189 ΒΥΖΑΝΤῙΝΑΕ
994 144 1144 188 xxxi.
1170 129 1420 188 12-15.
1501 136 1600 187 351

126 253 242 310 γένος
275 251 352 296 οὔκ
381 250 480 308 ἕχον
509 253 881 310 κατηγορούμενον,
914 252 987 295 καί
1016 250 1085 294 διὰ
1120 252 1246 308 τοῦτο
1274 251 1492 301 παντελῶς
1520 251 1599 294 οὔκ

127 316 446 378 ἀριθμούμενον
476 321 579 363 odd&
609 321 919 375 διαιρούμενον.

252 383 380 447 Ὁρᾷς
418 389 507 437 πῶς
546 383 652 429 ὅπου
683 386 835 443 διπλόη
868 385 1044 444 φύσεων
1070 386 1145 430 καί
1170 386 1383 443 ἀ’ριθμός,
1412 388 1507 430 ε’κεῖ
1525 386 1600 429 καί
1611 390 1685 426 14

124 456 199 511 τῆς
229 456 444 511 διαφορᾶς
483 455 630 510 χώραν
670 452 870 512 ἐχούσης·
892 453 982 498 ἔστι
1026 454 1100 498 καὶ
1128 455 1336 511 διαίρεσις
1366 453 1498 503 εὐθὺς
1526 451 1601 497 καί

57 539 59 541 ·
91 521 347 576 5μερισμός,
380 517 486 564 ὅπου
515 523 556 564 δ’
595 521 779 578 ἁπλότης
812 524 1033 578 ιιοναδικὴ,
1064 524 1157 578 ξένη
1190 521 1235 564 τό
1275 518 1480 576 παράπαν
1511 522 1604 565 ἐκεῖ

123 590 199 631 καί
222 588 437 646 α’φόρητός
466 591 581 631 ἐστιν
610 589 632 645 ἧ
665 589 854 646 διαφορά
888 591 962 631 καί
993 588 1013 631 ὅ
1041 587 1272 644 μερισμός-,-
1301 583 1411 632 ὥστε
1439 592 1598 631 συλλο-

122 659 288 712 γιστέον
319 655 393 698 καί
418 655 490 699 τόν
521 655 809 712 Δαμασκηνὸν
835 658 1031 713 Ἰωάννην
1049 659 1229 714 μηδαμῇ
1255 657 1502 711 μαχόμενον
1533 652 1599 700 εἶ-

125 738 194 766 ναι
227 723 363 766 δοκεῖν
393 723 526 766 adrev
553 719 714 782 ἑαυτῷ,
761 719 818 765 ὅτ’
846 725 939 766 ἐκεῖ
960 725 1040 778 μὲν
1071 726 1181 778 λέγει
1220 725 1267 766 τὸ
1300 720 1495 766 aimoni·
1525 725 1602 767 καί

61 800 65 802 ’
123 788 339 834 οἷθοὶνοιτον
358 792 432 832 καί
444 790 493 833 τὰ
512 794 689 834 τοιαῦτα
710 790 770 846 μὴ
789 786 897 833 εἶναι
917 791 1133 848 διαφορὰς
1153 792 1391 846 ου’σιοόδεις,
1409 794 1597 835 ἐνταῦθα

68 862 111 899 10
124 859 171 901 δὲ
199 856 276 912 τῆν
307 855 492 913 οὐσιοόδη
514 858 730 910 σώζεσθαι
752 858 965 914 διαφορὰν
980 860 1052 901 ἐπὶ
1077 861 1152 914 τῆς
1182 860 1242 909 εἰς
1269 861 1374 912 μίαν
1402 859 1599 903 undara-

123 941 192 969 σιν
218 922 408 974 ἐναίσεως
436 927 517 968 τῶν
541 921 620 968 δύο
651 927 824 983 φύσεων
852 929 926 969 τοῦ
957 924 1056 968 υἱοῦ
1083 929 1158 969 τοῦ
1187 929 1320 981 θεοῦ,
1353 930 1426 971 καί
1455 931 1597 981 με’νειν
1610 927 1636 963 f·
1651 925 1720 963 169
1737 932 1770 963 f·

123 993 171 1036 τό
201 1009 247 1036 τε
283 992 450 1036 κτιστόν
481 992 649 1036 κτιστὸν
690 996 764 1036 καί
807 992 854 1036 τὸ
880 989 1071 1036 ἅκτιστον
1111 988 1327 1049 ἅκτιστον,
1358 996 1431 1039 καί
1457 995 1519 1039 ἔτι
1547 994 1595 1039 τό

121 1058 277 1116 θνητόν
293 1058 448 1116 θνητόν
463 1063 536 1103 καί
549 1059 594 1103 τὸ
612 1059 828 1104 α’θᾰνατον
843 1060 1075 1115 ἀθάνατον,
1094 1060 1167 1104 καί
1179 1061 1227 1105 τοὶ
1250 1064 1411 1105 τοιαῦτ’
1442 1059 1598 1117 ὅμοίως

123 1125 318 1171 ἅπαντα·
377 1127 486 1170 α’λλὰ
529 1126 578 1170 τό
632 1130 844 1184 προσῆκον
891 1126 1068 1187 ἑκατέρᾳ
1110 1129 1280 1172 διδόντα
1327 1132 1598 1190 διδασκαλίᾳ,

67 1192 333 1252 15σόμφωνα
363 1198 629 1252 φθέγγεσθαι
659 1196 860 1248 καθάπαξ
887 1193 1023 1255 ἑαυτῷ
1055 1199 1129 1240 καί
1155 1200 1208 1254 τῇ
1236 1198 1430 1257 α’ληθείᾳ.
1463 1214 1600 1253 προσ-

122 1265 264 1306 εκτέον
306 1264 352 1306 δὲ
394 1263 467 1306 καί
502 1266 560 1322 τῷ
590 1267 693 1322 θείῳ
723 1263 914 1324 Μαξίμῳ
949 1264 1025 1307 τόν
1056 1267 1279 1319 Παλαμᾶν
1311 1265 1384 1308 διὰ
1419 1268 1503 1310 τῶν
1533 1268 1599 1311 εἶ-

124 1332 319 1386 ρημένων
362 1326 565 1386 ἄντικρυς
611 1331 849 1386 ἐλέγχοντι,
889 1329 935 1375 τό
968 1348 1014 1375 τε
1056 1332 1221 1376 ἁπλοῦν
1249 1335 1321 1390 τῆς
1349 1335 1463 1389 ξμιᾶς
1492 1336 1599 1387 ἕξω-

120 1402 283 1443 θοῦντα
329 1399 552 1457 θεότητος,
599 1401 673 1444 καί
711 1400 870 1451 πολλὰς
907 1400 982 1451 τοῖς
1013 1399 1229 1459 διαφοράς
1271 1403 1345 1444 καί
1373 1403 1597 1452 συνθέσεις

121 1472 216 1516 ταῖς
245 1466 380 1511 αὐτοῦ
404 1466 685 1525 χαριζόμενον
717 1470 904 1525 θεότησι,
934 1471 1097 1522 μᾶλλον
1130 1469 1168 1510 δ’
1198 1469 1332 1511 εἰπεῖν
1366 1470 1490 1517 θεαῖς
1524 1470 1599 1511 καί

63 1543 110 1579 20
122 1537 239 1585 θεοῖς
269 1533 550 1591 οἶκει’ότερον.’

249 1597 367 1645 Ἀλλ’
395 1604 654 1646 ε’πανακτὲον
683 1603 757 1646 τόν
786 1603 925 1658 λόγον.
995 1605 1067 1647 ἐπὶ
1094 1605 1174 1657 μὲν
1201 1603 1284 1659 γὰρ
1319 1604 1401 1647 τῶν
1434 1606 1594 1647 συνθέ-
1611 1616 1683 1651 15

119 1685 202 1712 των
227 1669 360 1723 ’ἡμῶν
406 1669 451 1712 αἱ
493 1670 716 1721 ου’σιοόδεις
760 1673 972 1728 διαφοραί
1014 1673 1167 1728 διπλῆν
1205 1673 1379 1715 ποιοῦσι
1419 1670 1493 1714 καί
1520 1670 1595 1728 τὴν

119 1739 374 1793 σημασίαν..
415 1737 465 1781 τά
495 1753 539 1781 τε
574 1737 653 1795 γὰρ
687 1736 770 1781 ὑπό
801 1738 847 1781 τὸ
890 1740 997 1791 ζῶον
1035 1737 1128 1796 εἴδη
1171 1741 1444 1784 συντιθέασιν
1476 1740 1595 1784 εἰδο-

122 1960 158 1990 et
182 1954 325 1990 unicum
361 1959 397 1989 et
422 1958 611 1998 constans,
651 1955 784 2000 quippe
818 1955 1025 2000 quantitatis
1056 1965 1171 2001 genus
1199 1956 1280 2003 Jnon
1318 1956 1475 2002 habens,
1503 1967 1592 2006 ergo

119 2003 226 2048 plane
251 2012 322 2037 non
346 2002 567 2036 numerabile
592 2013 661 2037 nec
686 2002 910 2037 dissolubile.

253 2065 429 2109 Videsne,
455 2072 494 2101 ut
527 2066 588 2100 ubi
613 2067 810 2111 duplicatio
836 2073 1040 2102 naturarum
1067 2074 1104 2102 et
1127 2079 1295 2103 numerus
1323 2075 1396 2112 est,
1425 2070 1600 2106 varietati—

121 2115 206 2149 loco
233 2114 329 2156 dato,
355 2114 545 2149 dissolutio
574 2119 628 2148 est
654 2121 688 2149 et
706 2115 864 2159 partitio,
893 2115 952 2149 ubi
967 2121 1083 2150 autem
1098 2117 1204 2150 unica
1222 2116 1448 2161 simplicitas,
1473 2117 1593 2153 aliena

124 2167 160 2196 et
196 2161 437 2196 intolerabilis
474 2162 629 2196 varietas
665 2168 700 2196 et
746 2163 889 2206 partitio
927 2168 993 2196 est.
1051 2164 1172 2209 itaque
1217 2164 1498 2199 concludendum
1539 2171 1594 2201 est

122 2209 291 2245 Ioannem
316 2209 573 2244 Damascenum
599 2210 744 2243 minime
764 2220 886 2243 secum
911 2220 1086 2255 pugnare,
1111 2212 1171 2257 qui
1197 2211 1256 2246 hic
1269 2212 1365 2246 dieat
1380 2214 1591 2256 increatum,

122 2256 336 2299 immortale,
363 2257 504 2302 reliqua
531 2258 703 2292 eiusmodi
729 2267 802 2291 non
829 2267 909 2291 esse
935 2259 1129 2292 varietates
1146 2259 1371 2302 essentiales,
1398 2260 1477 2294 illic
1502 2271 1592 2296 vero

125 2304 352 2339 essentialem
377 2315 561 2339 remanere
585 2306 794 2340 varietatem
819 2306 856 2338 in
881 2306 1026 2339 duarum
1041 2305 1106 2340 lilii
1131 2307 1189 2341 dei
1202 2312 1406 2341 naturarum
1432 2309 1468 2342 in
1488 2319 1593 2343 unam

124 2361 314 2398 personam
343 2353 614 2395 coniunctione,
642 2358 677 2386 et
700 2363 844 2387 manere
874 2359 1030 2387 creatum
1046 2359 1216 2396 creatum,
1237 2355 1432 2389 increatum
1447 2356 1592 2390 increa-

123 2406 210 2442 tum,
235 2399 386 2434 mortale
411 2400 584 2443 mortale,
610 2400 809 2435 immortale
835 2401 1048 2443 immortale,
1074 2402 1246 2436 eiusmodi
1272 2402 1438 2437 similiter
1462 2404 1593 2438 omnia.

123 2447 186 2482 sed
212 2457 318 2492 quum
345 2448 487 2492 utrique
516 2449 701 2482 doctrinae
728 2459 828 2481 suum
854 2448 999 2490 tribuat,
1028 2448 1187 2493 loquitur
1212 2460 1333 2484 secum
1360 2455 1396 2484 et
1421 2461 1499 2484 cum
1525 2461 1595 2486 ve-

122 2495 229 2529 ritate
256 2497 504 2539 congruentia.
554 2496 616 2529 sed
642 2496 840 2530 audiendus
868 2501 922 2529 cst
948 2497 1052 2529 etiam
1079 2497 1121 2531 D.
1149 2497 1318 2531 Maximus
1343 2497 1403 2531 ubi
1429 2497 1475 2532 ob
1500 2499 1595 2534 dicta

123 2542 258 2576 refutat
284 2541 457 2576 Palamam
485 2544 618 2588 quippe
645 2543 799 2587 simplex
837 2544 980 2578 deitatis
1008 2543 1230 2578 auferentem
1257 2550 1292 2578 ct
1315 2545 1441 2579 multas
1469 2547 1594 2580 varie..

120 2594 215 2671 {ates
243 2594 279 2623 et
304 2592 586 2639 compositiones
613 2591 805 2625 deitatibus
837 2592 910 2626 suis
948 2596 1009 2624 aut
1036 2592 1154 2636 potius
1190 2593 1267 2626 deis
1292 2593 1498 2639 deabusque
1525 2595 1594 2629 tri..

150 2642 304 2671 uentem.

265 2701 333 2736 Sed
360 2703 567 2747 recipienda
594 2710 647 2738 est
678 2704 805 2738 oratio.
850 2704 943 2748 quod
970 2705 1061 2737 enim
1089 2705 1284 2750 composita
1310 2711 1431 2740 nostra
1456 2706 1597 2751 attinet,

136 2749 352 2797 essentiales
377 2751 572 2796 varietates
595 2752 775 2797 duplicem
801 2752 1184 2796 notionemeffieiunt.
1235 2753 1365 2793 fotmus
1392 2755 1486 2791 euim
1506 2765 1598 2802 quae
