1826 3120
112 760 282 796 ·f.115a.

208 1033 278 1068 18

263 1390 267 1395 f
293 1353 438 1410 πω’ρου
467 1360 697 1411 μεσοῦντος
716 1391 727 1412 ,
760 1360 987 1414 τριάκοντα
1013 1362 1089 1412 μὲν
1106 1392 1117 1414 ,
1149 1360 1206 1409 ὥς
1235 1362 1357 1416 φασί,
1382 1362 1463 1402 τῶν
1477 1357 1754 1411 Κατελᾰνων,

298 146 370 230 84.
541 168 544 171 ’
663 170 671 174 ”
702 180 999 231 NICEPHORI
1038 181 1343 229 GREGORAE

298 308 423 349 ρυττε
450 291 583 352 κύκλῳ
612 296 711 348 περὶ
739 295 823 335 πᾶν
852 292 898 335 τό
931 289 1139 347 παράλιον
1170 296 1307 345 τεῖχος
1328 291 1398 346 τῆς
1425 288 1642 343 βασιλίδος
1669 288 1754 330 ταῖν
1792 293 1803 345 μ’

298 359 473 410 πόλεων,
504 360 582 413 τάς
601 375 643 402 τε
670 362 751 402 τῶν
783 361 933 413 τειχῶν
965 357 1156 407 ἐπάλξεις
1176 359 1218 407 ἐς
1245 352 1355 410 ὕψος
1383 355 1506 410 α’νῆγε
1535 354 1608 397 καὶ
1633 351 1754 408 &32¹5-
1803 355 1805 403 J

297 441 389 482 ρου,
417 430 608 478 ’ξυλίνους
630 425 916 479 ἐποικοδομαῖν
945 423 1016 466 καί
1043 425 1310 480 περιστέφων
1340 421 1525 476 πύργους
1554 422 1627 463 καί
1652 419 1754 476 ἧμι-
1798 437 1805 450 ‘

296 492 467 548 πύργια.
517 490 555 534 οἱ
587 494 633 533 δὲ
653 493 898 534 Γεννουῖται
923 493 997 533 νῦν
1022 493 1100 544 μὲν
1118 487 1331 545 ἦπείλουν,
1362 489 1436 531 νῦν
1465 488 1502 529 δ’
1522 486 1755 542 ε’πρεσβεί-
1803 503 1807 506 ·

297 574 393 602 οντο
423 561 523 614 περί
557 560 762 601 σπονδῶν.
836 556 927 599 ἐπεὶ
971 558 1008 599 δ’
1053 558 1222 606 ἐλπίδας
1265 558 1315 608 ἐξ
1347 555 1526 599 ἐλπίδων
1551 552 1786 611 στρεφόι·-5

295 642 376 668 των
406 625 426 667 ὃ
455 625 608 679 χρόνος
640 626 824 679 ἐτρίβετο
870 625 942 666 καί
980 623 1031 666 τὰ
1064 624 1276 679 ἐπιτήδεια
1314 626 1483 666 ἐπέλιπε
1507 622 1668 680 σφίσιν,
1696 625 1756 672 εἰς

296 689 477 746 ἀνάγκην
499 686 626 749 ᾔεσαν
657 694 915 733 σπείσασθαι
940 697 1024 741 τοῖς
1051 690 1125 745 τήν
1144 692 1356 733 Βιθυνίαν
1384 689 1531 745 ε”χουσι
1547 690 1753 746 Πέρσαις.

296 757 602 811 πρεσβεύονται
631 759 771 799 τοίνυν
799 757 903 813 πρὸς
929 757 999 800 τὸν
1024 756 1207 813 ἡγεμόνα
1227 759 1361 814 σφῶν,
1393 758 1467 799 καί
1489 758 1608 812 δῶρα
1639 757 1671 796 ’,Ι
1698 755 1750 798 τὰ

296 826 375 879 μὲν
406 826 619 878 πέμπουσι
658 822 711 866 τοὶ
756 827 793 866 δ’
830 827 1176 880 ἐπαγγέλλονται,
1205 826 1459 880 συμμάχους
1494 820 1600 867 εἶναι
1629 827 1768 881 σφίσι

296 893 639 946 παρακαλοῦντες
670 891 885 946 διηνεκεῖς,
917 893 990 933 καί
1007 889 1165 947 φόρους
1194 892 1386 946 ἐτησίους
1419 886 1649 946 λαμβᾶνειν
1674 905 1753 932 πο-
1766 894 1811 931 10

295 950 581 1006 λυταλάντους
611 959 682 998 καί
711 959 1019 1007 παντοδαπούς.
1482 979 1485 982 ’
1810 959 1811 965 ’

433 1021 600 1067 Τούτων
631 1025 668 1065 δ’
698 1021 806 1067 οὕτω
845 1027 1118 1080 γιγνομένων,
1154 1025 1286 1067 λῦπαι
1313 1024 1478 1080 μακραὶ
1504 1024 1579 1082 τὴν
1607 1024 1754 1080 ψυχὴν
1803 1047 1805 1049 ·

295 1091 516 1133 ἐδαπάνων
543 1093 621 1132 τοῦ
648 1094 869 1148 βασιλέως,
899 1091 975 1147 τὴν
1006 1094 1214 1135 α’πουσίαν
1245 1094 1288 1142 ἐς
1313 1090 1445 1135 πολὺν
1474 1093 1754 1148 παρατείνου-
1801 1131 1804 1133 Α

294 1174 375 1201 σαν
421 1159 575 1213 χρόνον
620 1156 801 1212 ὁρῶντος
838 1162 920 1201 τῶν
955 1163 1190 1202 Βενετικαῖν
1227 1161 1343 1202 νεῶν.
1413 1161 1480 1202 ἵνα
1523 1157 1678 1215 γάρᾎές
1704 1157 1749 1202 τό

294 1224 496 1280 πρότερον
525 1223 641 1278 ἴχνος
670 1227 745 1266 τοῦ
779 1226 901 1279 λόγου
934 1223 1328 1279 ἐπανακάμψωμεν,
1362 1227 1648 1268 κατέπλευσαν
1676 1227 1754 1278 μὲν
1767 1222 1812 1270 15,

294 1291 449 1332 ἐκεῖναι
490 1295 654 1346 πρῶτον
701 1289 742 1340 ἐς
768 1290 940 1347 Κρήτην
970 1293 1151 1342 α’παθεῖς
1185 1295 1465 1348 ἠθροισμέναι
1496 1294 1574 1335 τοῦ
1604 1295 1754 1349 φθινο·
1812 1326 1814 1330 s

292 1421 587 1478 ἑβδομήκοντα
624 1425 669 1466 δὲ
699 1427 779 1466 ταῖν
809 1427 1063 1467 Βενετικῶν·
1133 1425 1236 1469 ἔνθα
1275 1429 1348 1468 καί
1373 1429 1567 1476 πλείστας
1595 1425 1756 1482 ἡμέρας

293 1489 613 1546 διατετρίφασι,
658 1489 709 1532 τά
759 1490 974 1545 ἐπιτήδεια
1028 1490 1179 1541 ἱκανῶς
1225 1491 1560 1547 ἐσκομιζόμεναι.
1630 1490 1755 1534 ἔπειτ’

294 1556 491 1606 εὐπλοίας
520 1560 741 1612 γενομένης
762 1558 1024 1614 ἀνήχθησαν,
1056 1561 1128 1602 καί
1150 1559 1274 1614 μήπω
1301 1562 1419 1602 δυοῖν
1450 1559 1618 1615 ἡμερῶν
1647 1557 1811 1603 dvi-20

295 1638 425 1664 σασαι
456 1625 587 1665 πλοῦν
612 1627 793 1679 χειμῶνι
839 1626 962 1682 δεινῷ
990 1625 1096 1668 κατὰ
1129 1625 1174 1668 τὸ
1202 1625 1379 1682 Ἰκάριον
1420 1626 1756 1682 περιεπεπτώκε-

294 1704 375 1729 σαν
403 1691 597 1744 πέλαγος,
626 1693 708 1732 τῶν
738 1693 806 1733 ἀπ’
837 1685 990 1747 ἄρκτου
1031 1692 1215 1748 ῥεόντων
1240 1692 1486 1746 πνευμάτων
1518 1695 1755 1750 σφοδροτέ-

293 1771 380 1810 ρων
408 1749 488 1812 ἦδη
518 1755 624 1799 κατὰ
665 1760 742 1800 τοῦ
775 1761 959 1814 Αἰγαίου
992 1762 1206 1814 χεθέντων
1252 1759 1473 1815 πελάγους.
1532 1760 1753 1804 κάντεῦθεν

294 1951 431 1984 urbium
458 1952 688 1986 circumcirca
723 1954 828 1987 fossis
853 1955 1004 1996 muniit,
1034 1955 1301 1999 propugnacula
1326 1956 1415 1989 muri
1439 1956 1570 2000 ligneis
1595 1956 1749 1990 turribus
1804 1981 1806 1983 >

295 2004 330 2032 et
355 1999 537 2033 turriculis
565 2001 757 2034 aedificatis
784 2006 889 2045 atquc
916 2002 1192 2035 circumstructis
1219 2002 1324 2036 altius
1360 2004 1529 2036 excitavit
1563 2008 1598 2036 et
1630 2003 1749 2037 firma-

294 2046 358 2079 vit.
411 2045 618 2080 Genuenses
647 2053 718 2080 tum
748 2049 851 2081 minis
879 2050 1016 2082 iactatis
1043 2055 1127 2091 tum,
1155 2050 1214 2093 qui
1240 2049 1284 2083 de
1310 2049 1457 2084 foedere
1471 2055 1633 2095 agerent,
1661 2051 1749 2084 mis-
1793 2049 1801 2052 “

294 2093 341 2126 sis
369 2104 473 2137 quum
509 2104 572 2137 spe
600 2105 692 2127 vana
730 2100 867 2138 tempus
902 2101 1059 2129 tererent
1096 2102 1131 2129 et
1166 2097 1285 2139 inopia
1317 2097 1562 2131 alimentorum
1597 2098 1748 2141 opprimi

295 2141 512 2183 coepissent,
548 2152 625 2174 cum
656 2141 772 2175 Persis
798 2143 1001 2186 Bithyniam
1035 2143 1276 2177 incolentibus
1317 2144 1441 2179 foedus
1477 2144 1596 2179 facere
1632 2145 1747 2178 coacti

291 2192 383 2220 sunt.
434 2187 562 2232 legatis
587 2190 695 2233 igitur
720 2189 762 2222 ad
789 2199 908 2223 eorum
935 2191 1130 2234 principem
1154 2191 1269 2225 missis
1295 2192 1467 2236 donisque
1491 2193 1616 2235 partim
1643 2190 1747 2224 obla-—
1783 2234 1787 2236 μ

290 2236 336 2268 tis
362 2236 487 2278 partim
512 2237 694 2279 promissis
732 2236 1005 2270 adhortabantur
1039 2247 1125 2279 eos,
1160 2243 1199 2270 ut
1224 2245 1395 2282 perpetuo
1430 2238 1496 2272 sibi
1522 2239 1620 2272 socia
1653 2248 1747 2272 arma
1807 2274 1809 2277 ,

289 2282 501 2326 iungerent;
537 2283 629 2327 quod
653 2284 683 2316 si
719 2283 896 2326 facerent,
931 2295 1045 2318 annua
1070 2285 1198 2318 tributa
1231 2296 1355 2330 magna
1382 2291 1416 2319 et
1443 2285 1656 2330 multiplicia
1683 2295 1744 2319 eos

290 2334 500 2373 accepturos
529 2341 620 2364 esse.

423 2394 512 2426 Dum
538 2393 627 2427 haec
652 2400 835 2439 geruntur,
861 2406 988 2440 magna
1013 2396 1155 2430 tristitia
1186 2397 1406 2440 imperatoris
1432 2398 1581 2431 animum
1615 2399 1744 2441 exedit,

292 2451 398 2485 quum
423 2441 577 2483 videret,
589 2441 799 2475 Venetarum
825 2444 968 2477 navium
997 2444 1183 2477 adventum
1208 2445 1244 2477 in
1265 2444 1410 2489 longum
1437 2450 1573 2488 tempus
1599 2445 1744 2479 differri.

292 2493 331 2520 ut
357 2489 449 2520 enim
476 2489 517 2522 ad
545 2489 591 2530 id,
619 2490 712 2523 undc
736 2490 888 2534 digressi
915 2501 1045 2532 sumus,
1072 2497 1311 2533 revertamur,
1338 2501 1450 2525 naves
1479 2492 1565 2525 illae
1593 2493 1744 2526 univer-

295 2545 354 2568 sae
380 2537 529 2578 primum
557 2537 599 2569 ad
629 2537 767 2571 Cretam
794 2539 954 2582 integrae
980 2538 1248 2583 incolumesque
1272 2539 1388 2572 medio
1415 2544 1602 2573 auctumno
1630 2550 1746 2583 appu-

293 2581 392 2624 lere3
418 2584 563 2626 triginta
589 2584 751 2618 dicuntur
778 2585 888 2619 fuisse
915 2585 1174 2627 Catelanorum‚
1200 2586 1423 2630 septuaginta
1435 2585 1660 2621 Venetorum.
1696 2587 1745 2620 ibi

294 2629 494 2672 complures
520 2631 594 2664 dies
612 2637 846 2665 commoratae
858 2632 962 2665 rebus
978 2633 1191 2666 necessariis
1205 2632 1342 2666 abunde
1357 2634 1566 2677 importatis,
1592 2634 1745 2669 secunda

293 2680 503 2720 tempestate
530 2688 634 2721 quum
660 2679 742 2712 inde
767 2680 803 2712 in
831 2680 936 2713 altum
966 2685 1157 2722 provectae
1185 2685 1303 2714 essent
1325 2681 1478 2714 nondum
1494 2681 1640 2716 duorum
1666 2682 1745 2715 dic..

293 2733 368 2756 rum
403 2734 509 2757 cursu
544 2726 707 2758 consecto
743 2732 952 2771 tempestate
983 2728 1119 2772 ingenti
1155 2727 1191 2761 in
1224 2728 1311 2761 mari
1345 2727 1458 2761 Icario
1495 2730 1743 2775 corripiuntur,

293 2772 410 2810 ventis
435 2772 478 2807 ab
503 2774 804 2819 septentrionibus
824 2777 859 2809 in
877 2785 971 2810 mare
981 2775 1141 2823 Aegeum
1166 2776 1234 2811 iam
1244 2775 1490 2816 vehementius
1516 2777 1742 2814 irruentibus.
