1800 3132
265 155 327 206 56
663 161 960 206 NICEPHORI
997 158 1303 204 GREGORAE

262 271 347 311 διον
375 269 574 323 ἀξιοῦντι,
597 269 670 312 καὶ
697 269 813 318 εἶ’«τις
835 269 898 324 εἴη
920 270 1003 311 ταῖν
1030 270 1126 310 καθ’
1147 263 1253 321 αἷμα
1277 266 1570 324 προσηκόντων
1595 263 1730 326 adu&
1775 284 1780 320 '.

262 334 390 390 ὀργῆς
420 335 540 384 θείας
563 335 767 391 διαδοχὴν
794 337 974 391 α’φιὲντα
1007 336 1135 376 πᾶσιν
1161 331 1307 384 αὐτοῖς
1337 349 1593 391 προφανως,
1621 331 1647 376 ὃ
1677 335 1726 377 δέ
1775 332 1787 379 ”,

259 417 313 456 με
342 404 427 444 τῶν
456 402 663 456 ἐχθίστων
692 401 884 455 ἐνόμισεν
914 402 988 443 ἕνα
1013 403 1122 443 διά
1106 397 1125 414 ‘¹
1097 417 1206 455 αμε
1233 403 1392 454 μᾶλλον
1419 400 1477 450 ὥς
1507 401 1727 457 εὐεργέτην
1784 396 1789 436 ἶ

261 474 401 526 φιλεῖν
431 469 572 524 ἐχρῆν.
601 470 672 510 καί
690 465 758 510 ὅτε
777 470 934 521 μᾶλλον
960 464 1061 522 εἶχε,
1083 468 1164 511 τῶν
1192 469 1408 524 σκήπτρων
1427 470 1725 524 ἐπειλημμένος

261 537 334 578 καί
369 533 625 590 δυνάμενος,
670 534 785 590 εἴπερ
817 533 1038 589 ἐβούλετο,
1071 534 1147 590 τὴν
1185 533 1314 591 φύσιν
1350 533 1563 578 δεικνύναι
1594 535 1638 577 ἐν
1665 536 1724 593 τῷ
1735 539 1758 575 5

261 603 464 660 καλλίστῳ
491 605 561 656 τῆς
590 598 754 656 γνώμης
782 604 988 658 κειμένην,
1029 601 1053 643 ὃ
1095 603 1132 644 δ’
1161 602 1403 656 α’νεκάλυψε
1432 602 1605 656 δέσμιον
1631 595 1725 644 ὄνθ’
1757 641 1766 647 ,

261 666 412 710 ἑαυτὸν
433 672 518 716 τοῖς
552 669 596 710 ἐκ
626 669 857 724 διαμέτρου
888 674 1042 722 κακοῖς,
1075 665 1229 724 σκηνῆν
1267 668 1316 711 τοὶ
1349 670 1448 725 πρὶν
1475 670 1550 723 καί
1578 669 1722 723 δρᾶμα

259 734 471 791 ἐφήμερον
502 729 599 776 ὄντα
630 735 769 785 δείξας
801 730 951 777 ἅπαντ’
986 737 1105 778 ἐκεῖν’
1134 737 1178 778 ἐν
1207 738 1376 791 βραχεῖ’.
1409 732 1476 778 διό
1506 749 1582 789 μοι
1607 737 1727 777 &av-s

259 799 411 854 μάζειν
446 803 635 856 περιέστι
687 800 784 852 τούς
823 801 985 858 σοφούς
1023 803 1066 844 οἱ
1103 818 1233 860 φασιν
1262 803 1416 845 ἐκεῖνον
1438 803 1544 857 περὶ
1573 799 1723 858 φίλους

261 867 430 924 ἑδραῖον
458 867 530 910 καί
554 868 734 922 μόνιμον
752 865 862 911 εἶναι
892 867 1120 923 δύνασθαι,
1154 864 1188 927 ᾧ
1211 868 1268 924 μή
1301 869 1521 928 φιλοδοξίᾳ
1546 866 1724 924 λατρεύ·
1737 871 1781 908 10

263 952 325 978 ειν
355 933 518 977 ἔνεστι·
587 938 646 992 τῶ
693 934 771 991 γάρ
816 951 879 978 τοι
916 937 1208 991 φιλοδοξοῦντι
1258 935 1366 993 φίλῳ
1403 930 1510 977 ειναι
1555 935 1722 984 πάντως

262 1003 414 1082 εποιτ’τ
434 996 486 1042 ἂν
524 1002 658 1043 αὐτοῦ
684 1017 730 1055 γε
761 1001 1017 1056 ἀνθρώπου,
1058 1000 1120 1044 ὅτι
1151 1002 1210 1057 μὴ
1241 1003 1314 1057 τῆς
1345 999 1618 1058 α”νθρωπινης
1646 999 1722 1043 δό-

261 1072 359 1123 ξης,
390 1061 438 1122 ἧς
477 1068 596 1109 ἕνεκα
628 1065 764 1110 πάντα
814 1070 893 1126 δρᾷ
931 1068 1004 1110 καί
1040 1069 1169 1110 πᾶσιν
1199 1070 1410 1124 ἐγχειρεῖ,
1458 1070 1531 1111 καί
1565 1067 1721 1124 χρόνου

262 1135 515 1190 στοχάζεται
562 1136 635 1176 καί
670 1132 819 1189 τύχαις
860 1135 1007 1188 ὁμιλεῖ
1040 1137 1331 1186 παντοδαπαῖς
1362 1134 1435 1178 καί
1472 1135 1609 1193 ῥᾷστα
1635 1139 1721 1183 τοῖς

262 1203 344 1244 τῶν
373 1199 497 1257 ὦραῖν
529 1205 874 1255 συμμεθίσταται
902 1200 1046 1258 κύβοις
1073 1205 1375 1257 χαμαιλέοντος
1403 1201 1584 1259 τρόπον,
1615 1218 1723 1253 παν-
1737 1209 1781 1244 15

261 1268 446 1323 ταχόθεν
473 1271 544 1325 τῆς
574 1269 740 1325 γνώμης
770 1273 884 1328 αὐτῷ
912 1272 1312 1325 πραγματευομένης
1340 1271 1560 1324 εὐκαιρίαν
1591 1269 1722 1311 εἰπεῖν

261 1337 589 1389 κακοδαιμονίας
636 1337 709 1377 καί
744 1339 819 1378 τοῦ
856 1336 909 1379 τὰ
941 1334 1096 1380 ἑαυτοῦ
1134 1335 1258 1379 πιστοὶ
1296 1341 1382 1385 τοῖς
1411 1338 1538 1378 πᾶσιν
1567 1329 1721 1378 ἄπιστα

263 1395 489 1444 δεικνύναι.
548 1402 702 1461 γίνεται
751 1402 831 1458 γάρ
864 1400 1002 1461 ῥᾷστα
1029 1405 1106 1456 μὲν
1143 1401 1303 1459 ἐχθρός
1334 1397 1395 1452 οἷς
1426 1399 1562 1444 ἐδόκει
1588 1401 1723 1458 φίλος,

175 1479 246 1514 81
263 1468 398 1526 ῥᾷστα
433 1471 469 1511 δ’
510 1471 730 1523 ἐπίβουλος
758 1467 819 1520 οἷς
851 1469 1024 1525 ἔναγχος
1065 1468 1203 1514 ἐδόκει
1231 1468 1484 1525 σύμβουλος.
1542 1463 1608 1523 οὖ
1633 1475 1724 1523 χεῖ-

261 1551 333 1589 ρον
359 1537 439 1589 μὲν
478 1536 603 1578 ου’δὲν
642 1537 685 1578 ἐν
727 1539 805 1595 βίῳ
834 1535 982 1593 ῥᾴδιον
1011 1532 1128 1590 οἶμαι
1167 1536 1332 1593 εὗρεῖν,
1362 1533 1554 1591 καθάπερ
1590 1531 1649 1578 αὖ
1679 1533 1782 1582 ὲκ2ο

262 1603 493 1658 διαμέτρου
523 1604 600 1645 τοῦ
629 1606 761 1646 καλοῦ
789 1619 833 1644 τε
869 1605 943 1646 καί
965 1605 1146 1657 μονίμου
1175 1605 1339 1658 βέλτιον
1370 1601 1506 1646 οὐδέν.
1562 1602 1724 1652 τούτοις

262 1669 301 1708 δ’
331 1664 490 1712 ἅπασιν
534 1668 805 1714 ἒπιστατοῦσι
848 1672 927 1726 μὲν
965 1671 1168 1725 μυστικοί
1204 1686 1311 1720 τινες
1354 1669 1468 1726 λόγοι
1508 1668 1722 1726 προνοίας,

265 1860 363 1890 ce'ret
388 1855 495 1890 saluti
523 1855 714 1890 liberorum
743 1861 778 1890 et
805 1856 835 1891 si
861 1857 938 1901 quis
967 1856 1139 1902 sanguine
1160 1867 1238 1890 eum
1265 1857 1468 1911 attingeret,
1498 1856 1629 1902 quippe
1639 1857 1722 1903 qui-

265 1904 331 1938 bus
361 1903 521 1937 omnihus
553 1904 740 1937 manifesto
770 1904 844 1936 irae
877 1905 1019 1940 divinae
1048 1904 1239 1937 vindictam
1265 1904 1302 1937 in
1329 1909 1507 1947 posterum
1531 1904 1721 1939 relicturus
1752 1927 1754 1929 v

267 1956 376 1992 esset,
402 1961 458 1983 me
483 1950 550 1984 sibi
576 1951 855 1985 inimicissimum
881 1951 925 1984 ob
954 1962 995 1984 ea
1011 1951 1119 1992 ducit,
1135 1951 1179 1984 ob
1190 1961 1280 1995 quae
1304 1961 1361 1984 me
1385 1952 1505 1995 potius
1528 1957 1567 1985 ut
1589 1953 1722 1996 optime

266 1998 310 2032 de
338 2008 378 2031 se
405 1998 569 2031 meritum
593 2008 711 2031 amare
738 1997 899 2031 debebat.
935 2004 1040 2043 atque
1066 2009 1171 2042 quum
1195 1998 1346 2031 maxime
1371 1998 1520 2042 imperio
1547 2004 1720 2043 occupato

265 2051 423 2079 naturam
453 2046 583 2089 optima
609 2045 785 2079 sentiendi
809 2046 946 2078 ratione
971 2046 1145 2087 indutam,
1172 2046 1201 2079 si
1230 2044 1363 2087 vellet,
1393 2045 1563 2080 exhibere
1586 2051 1721 2090 posset,

264 2092 329 2125 ille
355 2092 454 2126 vitiis
479 2102 624 2136 prorsus
650 2092 693 2125 ab
715 2102 756 2125 ea
781 2092 1050 2126 abhorrentibus
1076 2102 1156 2126 sese
1183 2092 1388 2126 obstrictum
1413 2094 1530 2127 teneri
1553 2091 1720 2127 luculen-

264 2144 320 2172 ter
348 2139 605 2178 demonstravit
631 2145 677 2182 et,
703 2149 935 2184 quaecunque
956 2145 1058 2173 antea
1085 2139 1250 2181 fecisset,
1277 2150 1319 2172 ea
1345 2141 1461 2173 omnia
1492 2140 1583 2174 nihil
1610 2140 1721 2174 ruisse

263 2186 333 2219 nisi
360 2196 500 2219 scenam
530 2192 564 2219 et
588 2185 828 2230 spectaculum
853 2187 896 2219 ad
925 2192 1062 2231 tempus
1088 2187 1216 2220 aditum
1250 2186 1352 2220 brevi
1375 2187 1597 2221 manifestum
1623 2188 1719 2220 fecit.

267 2244 377 2277 quare
411 2243 482 2267 non
517 2243 658 2277 possum
691 2243 761 2266 non
799 2234 1029 2267 admiratione
1067 2234 1232 2278 prosequi
1264 2234 1464 2277 sapientes,
1502 2234 1562 2279 qui
1590 2234 1720 2276 dicant,

268 2290 345 2313 eum
372 2280 468 2314 firma
499 2286 605 2324 atque
631 2280 749 2314 stabili
774 2291 893 2314 amore
922 2281 1087 2325 amplecti
1117 2281 1247 2314 amicos
1273 2291 1392 2324 posse,
1419 2282 1541 2326 inquo
1565 2291 1638 2316 non
1661 2282 1720 2315 in-

266 2327 312 2360 sit
340 2327 512 2370 cupiditas
537 2327 676 2371 gloriae
702 2328 937 2362 inserviendi.
965 2329 1104 2374 gloriae
1132 2329 1223 2361 enim
1241 2328 1432 2372 cupiditate
1458 2329 1624 2363 incensus
1648 2338 1720 2362 non

265 2374 398 2418 poterit
424 2374 557 2408 homini
580 2376 648 2419 ipsi
674 2376 805 2409 amicus
833 2386 925 2417 esse,
952 2376 1013 2409 sed
1041 2375 1178 2420 gloriae
1203 2374 1294 2418 ‘apud
1310 2374 1470 2410 homines
1481 2375 1719 2421 colligendae,

267 2422 368 2455 cuius
399 2432 505 2455 causa
532 2423 649 2455 omnia
674 2424 760 2467 agit,
788 2424 904 2456 omnia
930 2423 1090 2467 suscipit,
1120 2422 1336 2466 temporibus
1362 2423 1525 2465 inservit,
1549 2423 1591 2457 ad
1605 2423 1721 2468 quod-

266 2468 355 2501 libet
380 2468 543 2502 fortunae
568 2480 680 2514 genus
704 2480 785 2503 sese
811 2469 989 2514 applicat,
1021 2469 1190 2503 facillime
1216 2470 1406 2503 secundum
1437 2474 1632 2513 temporum
1662 2470 1721 2503 vi-

267 2516 492 2549 cissitudines
521 2515 807 2551 Chamaeleontis
835 2518 905 2550 ritu
928 2528 1008 2551 sese
1033 2521 1231 2559 commutat,
1259 2517 1373 2550 animo
1399 2517 1637 2562 undecunque
1654 2527 1722 2561 op-

266 2563 519 2605 portunitatem
547 2570 730 2608 captante,
765 2575 834 2609 quo
862 2565 1015 2598 furorem
1042 2574 1161 2606 suum,
1187 2570 1226 2598 ut
1249 2564 1298 2599 ita
1325 2564 1459 2619 dicam,
1495 2564 1662 2598 exhibeat
1688 2568 1723 2596 ct

267 2608 370 2642 fidem
401 2610 560 2644 omnibus
587 2612 765 2646 infidelem
789 2617 956 2655 praestet.
1016 2611 1184 2645 facillime
1212 2612 1304 2644 enim
1332 2612 1495 2645 inimicus
1521 2612 1571 2653 fit,
1596 2611 1722 2656 quibus

267 2656 401 2689 amicus
429 2658 627 2701 videbatur,
657 2659 826 2693 facillime
850 2659 995 2692 insidias
1023 2661 1139 2700 struit,
1166 2658 1291 2702 quibus
1315 2668 1429 2702 nuper
1450 2658 1639 2693 consulere
1664 2658 1723 2691 vi..

268 2702 429 2746 debatur,
458 2714 527 2748 quo
554 2706 655 2750 peius
686 2707 872 2751 quidquam
905 2707 940 2740 in
966 2706 1039 2740 vita
1062 2715 1133 2740 non
1158 2705 1265 2739 facile
1288 2706 1471 2741 inveneris
1504 2707 1609 2741 sicuti
1634 2714 1723 2739 con-

268 2754 325 2783 tra
349 2749 501 2785 honesto
528 2759 562 2787 et
593 2754 769 2788 constanti
797 2752 938 2788 homine
963 2753 1054 2787 nihil
1093 2759 1147 2788 est
1177 2754 1424 2798 praestantius
1485 2754 1573 2789 haec
1609 2752 1723 2788 omnia
