1786 3138
1389 3 1391 6 ·
1424 0 1677 51 ae'r>*r÷-‘·4Wffl>-
1702 0 1724 23 '13ss

1475 47 1479 50 Α
1522 34 1527 41 '
1547 30 1647 62 d,·'.„⁴⁴--

258 152 358 210 49ss
448 198 451 200 .
660 166 959 231 mmmmm
999 166 1304 211 eamcam

258 276 429 330 πρεπῶς
455 275 500 316 ἐκ
530 276 613 316 τῶν
644 274 842 315 αἰτιατῶν
871 269 1211 336 ῦπογράφοντα.”
1275 274 1349 318 καὶ
1377 274 1502 319 πάλιν
1526 274 1713 335 “oxomi-

257 356 398 395 σωμεν
429 341 474 382 δὲ
504 341 541 382 εἰ
571 338 631 395 μὴ
660 341 799 389 καλῶς
829 335 1009 396 ἑκατέρῳ
1039 342 1121 382 τῶν
1152 341 1381 397 εἰρημένων
1411 342 1581 399 τρόπων
1606 341 1712 391 κατὰ

253 405 326 462 τὴν
358 408 480 450 θείαν
504 408 664 462 ἐκείνην
692 408 767 448 τοῦ
799 407 949 463 κυρίου
983 407 1319 465 μεταμόρφωσιν
1343 410 1416 452 καί
1445 412 1590 467 σοφῶς
1615 412 1711 454 ἐνυ-

254 475 414 530 πάρχοι
440 473 485 516 τὰ
515 473 750 528 σύμβολον·
829 473 916 516 ἔδει
945 473 1025 531 γὰρ
1059 474 1194 526 αὐτόν,
1225 479 1326 522 καθ’
1356 475 1468 532 ἡμᾶς
1498 477 1712 534 ἀτρέπτως

254 543 478 596 κτισθῆναι
505 542 558 583 δι’
591 536 769 596 ἄμετρον
811 543 1141 598 φιλανθρωπίαν
1169 543 1504 598 καταδεξάμενον
1514 575 1527 595 ,
1557 540 1744 593 {avaei-5

251 607 450 663 γενέσθαι
491 607 619 650 τύπον
667 607 740 650 καί
783 608 1018 662 σύμβολον,
1069 609 1143 651 καί
1172 611 1436 665 παραδεῖξαι
1471 611 1514 662 ἐξ
1555 606 1711 653 ἑαυτοῦ

252 676 519 728 συμβολικῶς
560 670 733 726 ἑαυτόν,
764 675 837 717 καί
875 677 928 717 δι’
960 674 1089 718 αὑτοῦ
1129 677 1386 733 φαινομένου
1426 674 1537 734 πρὸς
1558 672 1709 721 ἑαυτὸν

255 740 429 796 ἀφανῶς
472 742 603 798 πάντῃ
647 743 935 797 κρυπτόμενον
959 745 1282 799 χειραγωγῆσαι
1319 742 1393 799 τὴν
1423 742 1592 787 &notum
1618 745 1706 788 κτί-

163 807 355 849 84σιν.”
426 808 499 850 καί
545 808 670 863 πάλιν
697 808 818 852 “snei
854 811 962 865 μηδὲ
987 813 1231 866 χωρεῐσθαι
1269 812 1323 867 τῇ
1352 810 1484 854 κτίσει
1512 809 1559 853 τὸ
1590 807 1705 853 ἄκτι-

251 890 349 917 στον
379 874 553 931 πέφυκε,
581 877 689 932 μηδὲ
721 880 1013 932 περινοεῖσθαι
1041 882 1128 926 τοῖς
1146 876 1479 934 πεπερασμένοις
1505 875 1552 920 τὸ
1585 875 1703 920 ἄπει-
1718 890 1764 928 10

252 940 360 997 ρον.”
424 941 497 983 καί
536 942 659 983 πάλιν
699 941 797 998 “triv
840 944 918 997 μὲν
962 943 1248 1000 οἷκτινοφανῶς
1293 943 1592 998 ἑκλάμπουσαν
1631 946 1706 987 τοῦ

248 1007 477 1063 προσώπου
525 1009 752 1063 πανόλβιον
796 1009 955 1066 αἴγλην,Γ
987 1009 1043 1060 ὦς
1072 1013 1214 1052 πᾶσαν
1254 1010 1494 1071 ὀφθαλμῶν
1521 1013 1704 1054 νικῶσαν

247 1075 480 1131 ἐνέργειαν,
521 1078 593 1131 τῆς
621 1074 733 1132 ὑπὲρ·
757 1078 854 1118 νοῦν
884 1076 957 1119 καί
987 1076 1188 1133 αἴσθησιν
1217 1078 1290 1120 καί
1319 1077 1466 1120 οὐσίαν
1494 1078 1568 1121 καὶ
1594 1081 1701 1135 γνῶ-

247 1158 314 1183 σιν
343 1143 539 1198 θεότητος
571 1142 699 1185 αὐτοῦ
728 1144 938 1198 σύμβολον
968 1140 1078 1186 εἶναι
1107 1145 1376 1187 ἐδιδάσκοντο
1395 1155 1405 1173 ·’
1441 1143 1496 1187 τὰ
1523 1145 1700 1188 δὲ’λευ-

245 1209 451 1251 κανθὲντα
478 1208 624 1264 ἱμάτια
651 1213 734 1252 τῶν
763 1210 960 1268 ῥημάτων
984 1213 1058 1266 τῆς
1088 1211 1208 1267 ἁγίας
1225 1213 1395 1268 γραφῆς
1419 1212 1564 1268 φέρειν
1592 1213 1697 1268 σῦμ-
1714 1226 1757 1263 15

243 1278 369 1330 βολον
401 1275 457 1325 ὥς
487 1279 712 1332 τηνικαῦτα
741 1280 948 1334 λαμπρῶν
979 1279 1052 1320 καί
1081 1281 1246 1334 τρανῶν
1277 1278 1350 1321 καί
1379 1280 1532 1335 σαφῶν
1559 1278 1699 1330 αὐτοῖς

245 1343 487 1398 γενομένων,
519 1343 591 1385 καί
621 1342 775 1393 παντὸς
803 1344 1047 1401 γριφῶδους
1075 1346 1319 1402 αἰνίγματος
1335 1345 1408 1387 καί
1437 1347 1699 1400 συμβολικοῦ

245 1409 502 1463 σκιάσματος
529 1410 668 1466 χωρίς
697 1412 960 1465 νοουμένων,
989 1412 1062 1454 καί
1086 1411 1156 1453 τὸν
1184 1413 1228 1454 ἐν
1257 1410 1397 1461 αὐτοῖς
1428 1408 1528 1454 ὄντα
1555 1427 1600 1459 τε
1624 1413 1698 1456 καί

242 1476 555 1530 καλυπτόμενον
588 1477 944 1533 παραδηλοῦντων
963 1478 1096 1534 λόγον,
1127 1477 1307 1534 ὁπηνίκα
1332 1475 1407 1533 τὴν
1432 1478 1594 1521 τελείαν
1625 1479 1698 1522 καί

154 1548 224 1582 85
243 1541 378 1598 ὀρθὴν
407 1544 506 1599 περί
535 1546 639 1585 θεοῦ
666 1547 820 1600 γνῶσιν
844 1545 1031 1600 έλαβον.”
1090 1546 1162 1588 καί
1191 1545 1316 1587 πάλιν
1340 1543 1533 1601 “domat
1558 1546 1759 1601 τοίνυνξὶθ

243 1609 437 1666 ἀνωτέρω
469 1609 532 1652 ὅτι
564 1610 634 1653 διὰ
660 1613 739 1666 μὲν
767 1614 841 1667 τῆς
869 1614 1091 1669 γενομένης
1120 1613 1190 1655 ἐπὶ
1210 1614 1284 1655 τοῦ
1302 1609 1430 1669 ὅρους
1457 1613 1532 1653 τοῦ
1561 1628 1697 1668 προσ-

240 1675 356 1718 ω’που
395 1678 469 1718 τοῦ
507 1679 657 1734 κυρίου
705 1681 963 1735 φωτοειδοῦς
993 1679 1282 1735 λαμπρότητος
1325 1678 1430 1735 πρὸς
1473 1677 1547 1734 τὴν
1589 1679 1696 1720 πᾶσι

237 1743 425 1786 καθόλου
454 1748 542 1793 τοῖς
588 1741 706 1787 οὖσιν
739 1743 921 1802 ἄληπτον
958 1747 1033 1788 τοῦ
1070 1747 1175 1787 θεοῦ
1202 1747 1416 1802 μυστικῶς
1444 1745 1483 1788 οἱ
1510 1761 1692 1802 τρισμα-

239 1954 323 1988 satis
349 1954 621 1990 describentem.
674 1962 708 1990 et
733 1967 879 1991 rursus=
903 1957 1098 1999 videamus,
1126 1967 1208 1990 num
1233 1965 1304 1989 non
1328 1955 1459 1999 optime
1485 1959 1521 1989 et
1544 1955 1690 1999 sapien..

237 2002 374 2034 tissime
400 2008 582 2048 utramque
609 2003 705 2037 illam
733 2006 905 2038 rationem
934 2005 1061 2038 habeat
1085 2005 1228 2038 divinae
1253 2004 1383 2037 domini
1403 2002 1688 2047 transfiguratio..

236 2050 292 2081 nis
324 2049 535 2092 symbolum.
584 2062 733 2085 necesse
765 2053 854 2085 enim
885 2058 959 2086 erat
994 2058 1139 2096 propter
1179 2050 1421 2084 incredibilem
1460 2050 1495 2082 in
1529 2050 1688 2084 homines

239 2105 393 2129 amorem
421 2097 514 2131 inter
537 2108 603 2131 nos
632 2105 786 2132 creatum
824 2100 899 2133 fieri
928 2100 1080 2140 effigiem
1120 2104 1154 2132 ct
1178 2098 1372 2141 symbolum
1402 2102 1438 2135 et
1461 2107 1541 2130 sese
1572 2107 1614 2130 ex
1648 2107 1687 2131 se

237 2143 434 2186 symbolice
465 2146 651 2179 ostendere
680 2152 714 2179 et
738 2147 781 2180 ad
810 2158 889 2180 sese
916 2148 1058 2180 omnino
1085 2146 1259 2179 occultum
1288 2155 1351 2189 per
1368 2149 1593 2188 apparentem
1620 2145 1686 2178 ad-

236 2190 365 2223 ducere
393 2198 551 2225 cunctam
579 2199 750 2227 naturam.
804 2200 838 2227 et
863 2205 1004 2228 rursus:
1032 2205 1134 2238 quum
1161 2203 1277 2237 neque
1304 2192 1515 2225 accessibile
1541 2197 1685 2224 creatu-

233 2246 294 2269 rae
323 2237 517 2272 increatum
561 2240 687 2273 factum
728 2247 782 2274 est
815 2252 883 2274 nec
917 2240 1239 2284 comprehensibile
1273 2240 1379 2273 finitis
1411 2238 1597 2272 inlinitum.
1651 2244 1686 2271 et

233 2294 375 2320 rursus:
402 2296 569 2320 summum
599 2287 704 2320 faciei
731 2288 968 2332 splendorem,
995 2289 1101 2322 radiis
1129 2288 1322 2331 fulgentem
1350 2291 1386 2319 et
1415 2290 1578 2329 tanquam
1606 2294 1684 2318 orn..

232 2341 311 2363 nem
341 2332 523 2366 oculorum
552 2336 621 2367 vim
649 2341 916 2379 exsuperantem
943 2337 1083 2369 deit-atis
1110 2345 1213 2378 supra
1236 2340 1385 2367 mentem
1422 2337 1457 2365 et
1481 2342 1622 2365 sensum
1650 2337 1684 2366 et

233 2379 420 2412 essentiam
449 2386 484 2413 et
512 2383 750 2424 cognitionem
780 2383 894 2416 elatae
921 2385 996 2416 eius
1022 2382 1218 2425 symbolum
1254 2392 1332 2414 esse
1360 2378 1544 2413 docebant.
1595 2389 1683 2412 can-

233 2425 330 2458 didas
360 2433 478 2460 vestes
513 2429 710 2471 symbolice
745 2430 947 2474 siguificare
974 2430 1082 2463 verba
1109 2439 1230 2462 sacrae
1256 2428 1465 2471 scripturae,
1493 2436 1583 2470 quae
1609 2432 1681 2459 tum

230 2471 384 2506 dilucide
420 2479 456 2507 et
485 2478 672 2519 perspicua
701 2481 735 2509 et
765 2478 942 2510 evidentia
969 2478 1012 2509 iis
1038 2477 1188 2517 fiebant,
1217 2481 1251 2508 et
1276 2476 1352 2508 sine
1378 2474 1587 2517 aenigmatis
1613 2474 1680 2506 im-
1739 2517 1741 2523 Δ
1765 2501 1772 2509 ,

231 2518 426 2561 plicatione
453 2527 487 2554 et
512 2523 730 2565 symbolicae
758 2522 1340 2567 adumbrationeintelligebantur,
1368 2526 1403 2554 et
1425 2531 1515 2564 quae
1533 2519 1679 2553 verbum

231 2566 322 2609 quod
352 2568 445 2601 inter
471 2579 532 2602 eos
563 2571 769 2604 versabatur
793 2571 955 2604 occultus
980 2571 1205 2614 aperiebant,
1241 2569 1300 2602 ubi
1326 2569 1518 2612 perfectam
1555 2572 1590 2600 et
1617 2578 1679 2600 re-

230 2618 317 2645 ctam
345 2614 387 2647 de
413 2615 479 2648 deo
506 2618 744 2660 cognitionem
773 2614 1088 2662 persequebantur.
1140 2622 1174 2650 et
1199 2627 1338 2649 rursus:
1375 2615 1446 2649 dixi
1482 2615 1590 2658 igitur
1615 2625 1678 2647 su-

228 2669 317 2702 pra,
362 2661 551 2703 splendore
590 2664 624 2696 in
650 2669 769 2696 monte
799 2665 841 2697 de
867 2666 996 2698 domini
1026 2665 1116 2698 facie
1141 2664 1239 2707 quasi
1269 2663 1409 2696 luminis
1437 2662 1529 2694 sacto
1556 2660 1676 2694 beatos

228 2708 411 2749 apostolos
436 2709 478 2742 ad
508 2710 667 2743 omnibus
700 2712 870 2744 creaturis
905 2711 1295 2756 incomprehensibilem
1335 2710 1391 2743 dei
1425 2708 1615 2758 potentiam
1643 2712 1678 2740 et

228 2752 376 2797 glorium
402 2756 645 2802 inexplicabili
684 2763 719 2791 et
744 2768 814 2792 non
855 2758 1084 2806 intelligibili
1109 2759 1212 2793 modo
1249 2756 1531 2796 adducebantur,
1570 2764 1675 2800 quum

1767 2663 1778 2672 ,Δ

1761 2698 1782 2725 Ϋὲ

1764 2727 1779 2755 Ξ

1767 2757 1783 2780 ,³⁶2
