1826 3120
139 157 141 159 ·
187 131 284 182 300
590 132 887 181 NICEPHORI
926 134 1157 179 GREGOR
1164 132 1234 178 ΑΕ

186 241 313 293 αὐτὸς
341 245 531 297 σαυτοῦ,
565 243 719 299 ταύτης
753 237 833 298 ἤδη
870 241 919 286 ui
955 241 1330 325 ιίνακαλυπτήρια
1347 239 1466 287 θυων
1497 239 1638 303 ωσπερ

185 310 230 352 ἐν
258 313 496 354 Διονυσίων
521 316 708 364 πομπαῖς
735 309 811 351 ουκ
840 307 1039 368 αἰσθάνῃ.

97 379 170 414 ‘¹4
308 376 357 421 ‘O
387 379 434 420 δὲ
462 380 677 430 Παλαμᾶς
714 373 838 418 ουδὲν
876 375 982 430 πρὸς
1011 378 1147 419 ταῦτα
1186 377 1516 432 ἀποκρινάμενος
1552 373 1642 422 ετέ-

185 460 265 501 ραν
297 442 482 499 ε’βοὶδισε,
510 445 631 486 τοῦτο
665 441 715 498 δὴ
747 442 791 485 τὸ
824 441 979 493 εἰωθὸς
1009 442 1139 502 αὐτῷ.
1176 439 1296 486 “dm
1328 444 1410 499 οὐχ
1437 442 1458 486 ὅ
1486 445 1661 500 μέγας”,

123 562 126 566 .
184 512 291 566 φησί
310 506 562 558 “Bacca-stoc
606 511 652 552 ἐκ
681 510 764 551 τῶν
790 511 1008 564 ἐνεργειῶν
1045 513 1124 552 τοῦ
1152 511 1258 553 θεοῦ
1305 510 1455 567 φάσκει
1485 512 1673 568 monol-5

186 577 270 628 ζειν
300 573 409 631 ἡμᾶς
448 576 519 618 τὸν
547 574 673 630 θεὸνς
725 573 773 618 αἱ
800 574 881 631 γάρ
925 579 1131 631 ἐνέργειαι
1163 578 1322 631 αὐτοῦ,
1351 580 1508 634 φησίν,
1537 576 1640 634 πρὸς

183 643 293 696 ἡμᾶς
319 643 657 697 καταβαίνουσιν,
689 640 713 698 ἧ
743 644 783 684 δ’
810 644 934 685 ου’σιά
957 644 1100 687 ,αὐτοῦ
1115 646 1231 697 μένει
1250 643 1491 698 οἶπρόσιτος.
1534 643 1641 687 ταῦ-

182 725 257 759 τας
287 703 363 751 οὖν
385 708 460 758 τὰς
488 711 696 764 ἐνεργείας
726 707 813 764 ἔχει
847 709 868 751 ὅ
899 708 999 759 θεὸς
1029 705 1156 760 ἄλλος
1177 706 1235 752 ὢν
1254 706 1384 761 ἄλλας
1412 707 1543 762 οὔσας
1569 713 1641 754 καί

184 775 437 825 ιῖκτίστους·
507 769 633 819 αὗται
673 776 755 832 γάρ
802 778 908 820 εἰσιν
948 776 992 819 αἱ
1031 774 1250 832 πρόνοιαι,
1291 775 1335 820 αἱ
1372 778 1560 833 πρόοδοι,
1589 777 1636 819 τὸ

183 837 372 898 ἄπειρον,
406 841 450 885 τὸ
484 838 698 898 ἄτρεπτον,
727 840 770 886 τό
802 843 979 897 οἷπλοῦν,
1009 841 1055 885 τι)
1089 838 1292 899 ἄναρχον,
1332 843 1378 887 τὸ
1417 842 1697 900 cinaedm-10

183 924 273 965 τον,
307 908 330 964 ἧ
365 910 524 966 σοφιά,
563 908 586 960 ἦ
621 910 802 964 δύναμις
843 909 916 952 καί
961 908 1012 952 τοὶ
1043 912 1244 965 τοιαῦτα,
1288 906 1395 953 ἅλλα
1430 914 1511 964 μὲν
1538 905 1638 954 ὄντα

183 973 297 1030 παρὰ
327 975 401 1031 τὴν
433 977 600 1030 ον’σιάν,
631 972 808 1019 ἇκτιστα
837 978 906 1018 δέ·
976 970 1078 1020 ἄλλο
1107 975 1189 1034 γὰρ
1229 977 1274 1021 τό
1306 975 1402 1033 ἔχον
1431 980 1505 1021 καί
1535 974 1638 1021 ἄλλο

19 1048 45 1085 f.
61 1047 127 1084 142
139 1059 169 1084 r.
184 1041 229 1084 τὸ
263 1043 459 1097 ἐχόμενον
487 1043 560 1086 καὶ
586 1042 837 1101 ὃιοίφορον.”

96 1123 168 1157 45
317 1111 441 1164 Πρὸς
479 1115 611 1154 ταῦτα
641 1110 661 1153 ὅ
690 1113 910 1168 Γρηγορᾶς
948 1113 1194 1168 ἀποκριθεὶς
1216 1111 1354 1157 “ivadv
1397 1129 1464 1157 σοι
1493 1113 1642 1157 τοῦτο”

186 1191 316 1233 φησιν
336 1209 347 1227 ,
387 1171 452 1219 “αἷ
480 1172 693 1232 ἄνθρωπε,
722 1177 968 1234 γνώρισμα,
992 1180 1125 1235 μηδὲν
1156 1177 1257 1235 πρὸς
1285 1177 1383 1230 ἔπος
1408 1179 1640 1235 ὀἷποκρίνε-
1654 1190 1696 1225 15

182 1246 302 1296 σθαι,
333 1243 424 1285 ἄλλ’
453 1243 549 1285 ἄνθ’
577 1241 730 1300 ἑτέρων
760 1243 1032 1300 παρεισάγειν
1060 1244 1197 1300 ἕτερα,
1225 1247 1400 1302 ἡμιτελῆ
1429 1246 1481 1289 τοὶ
1512 1246 1640 1301 α’ναγ-

180 1308 375 1365 καιὸτερα
406 1311 773 1365 καταλιμπάνοντα
815 1314 887 1355 καί
916 1314 1064 1369 α’σαφῆ
1099 1315 1173 1355 καί
1199 1310 1532 1369 ἇνεπεξέργαστα
1570 1316 1641 1356 καί

181 1376 420 1432 ἀμάρτυρα.
491 1373 605 1430 ὅμως
646 1377 775 1433 μικρὰ
819 1378 892 1421 καὶ
930 1382 1029 1434 περί
1071 1382 1154 1421 τῶν
1182 1383 1257 1422 νῦν
1296 1396 1362 1422 σοι
1404 1383 1640 1434 λεχθέντων

182 1441 469 1500 φθεγξάμενος
499 1444 809 1498 ἀπαλλάξομαι.
869 1447 919 1488 ‘a'
963 1440 1065 1488 ἄλλο
1111 1446 1157 1489 τό
1189 1445 1287 1501 ἔχον
1328 1446 1403 1488 καί
1445 1441 1546 1498 ἄλλο
1590 1445 1636 1489 τὸ

181 1511 382 1564 ἐχόμενον
412 1510 484 1552 καί
512 1509 734 1567 διάφορον,
764 1514 837 1554 καί
861 1512 907 1554 τὸ
934 1515 1012 1565 μὲν
1054 1511 1150 1568 ἔχον
1179 1513 1304 1557 οὐσία
1334 1511 1379 1555 τὸ
1412 1514 1459 1555 δὲ
1489 1513 1695 1595 ε’χὸμε-20

181 1591 251 1617 νον
282 1574 356 1616 οὐκ
390 1575 515 1619 ουσιά
545 1594 650 1620 κατα
675 1580 747 1633 σε’,
795 1578 993 1622 α’νούσιον
1036 1573 1121 1634 ἄρα
1148 1578 1193 1622 τὸ
1229 1578 1443 1634 ἐχόμενον.
1500 1596 1568 1622 και
1599 1581 1640 1623 εἶ

181 1642 206 1697 ἢ
237 1642 358 1685 οὐσία
390 1642 504 1697 θεός,
535 1642 581 1687 τὸ
615 1640 808 1687 α’νοιῖσιον
835 1662 922 1700 αρα
953 1641 1003 1687 οὖ
1033 1644 1162 1701 θεός,
1190 1646 1218 1702 ἦ
1244 1648 1431 1702 ἐνέργεια
1459 1645 1635 1702 δηλαδή.

182 1725 252 1751 και
282 1708 451 1753 σύνεστι
479 1710 627 1754 λοιπὸν
669 1713 714 1762 ἐξ
758 1713 900 1755 ἀιδίου
928 1715 980 1771 τῇ
1007 1713 1105 1755 θεια
1142 1730 1211 1757 και
1233 1716 1410 1772 α’κτίστῳ
1459 1708 1582 1773 οὗσίᾳ
1610 1709 1636 1770 ἧ
1819 1717 1826 1764 1

186 1899 223 1932 in
249 1899 439 1941 infamiam,
467 1900 559 1944 quod
587 1905 702 1934 autem
736 1900 882 1935 velabas
905 1901 1005 1945 ipse,
1031 1901 1182 1935 dedecus
1208 1906 1317 1944 tuum,
1345 1902 1420 1936 eius
1444 1902 1511 1936 iam
1538 1913 1637 1938 sacra

185 1946 420 1981 revelationis
447 1946 567 1980 facere
594 1953 631 1981 te
655 1953 819 1992 tanquam
845 1950 881 1981 in
911 1949 1160 1992 Dionysiorum
1208 1949 1345 1992 pompis
1369 1959 1440 1983 non
1465 1951 1589 1985 sentis.

324 2003 483 2038 Palamas
515 2010 630 2038 autem
671 2006 761 2039 nihil
788 2007 831 2040 ad
863 2006 951 2040 haec
977 2007 1195 2050 respondens
1228 2006 1332 2040 aliam
1358 2007 1438 2040 iniit
1465 2008 1570 2051 viam,
1599 2014 1638 2043 ut
1667 2008 1687 2037 ἰ

191 2058 266 2086 erat
292 2052 368 2085 eius
391 2062 479 2085 mos.
528 2062 646 2086 nonne
671 2063 831 2097 magnus,
859 2054 986 2098 inquit,
1028 2053 1179 2088 Basilius
1209 2064 1253 2087 ex
1275 2051 1477 2088 efficientiis
1503 2051 1560 2088 dei
1579 2056 1636 2089 di-

186 2100 234 2133 cit
260 2109 324 2133 nos
351 2109 569 2143 cognoscere
602 2100 738 2133 deum?
800 2101 1016 2134 efficientiae
1051 2101 1142 2134 enim
1182 2101 1279 2142 eius,
1305 2101 1355 2134 ait
1380 2101 1467 2143 ille,
1504 2102 1546 2135 ad
1570 2112 1636 2136 nos

186 2146 424 2187 descendunt,
453 2147 607 2180 essentia
633 2153 748 2180 autem
774 2149 850 2181 eius
875 2153 993 2181 manet
1019 2148 1213 2181 inaccessa.
1247 2147 1309 2181 has
1337 2148 1445 2192 igitur
1472 2149 1636 2190 efficien-

186 2195 252 2227 tias
280 2193 385 2226 habet
412 2193 511 2236 deus,
539 2194 599 2238 qui
626 2194 716 2228 alius
747 2200 811 2236 est,
839 2194 926 2228 alias
955 2200 990 2228 et
1013 2195 1201 2236 increatas,
1231 2194 1297 2227 hae
1326 2195 1418 2227 enim
1443 2201 1523 2229 sunt
1547 2205 1635 2239 pro-

185 2240 378 2281 videmiae,
405 2245 486 2273 sunt
515 2246 677 2282 eventus,
704 2250 811 2284 porro
838 2242 1036 2284 infinitum,
1062 2243 1253 2283 immotum,
1279 2241 1442 2285 simplex,
1471 2243 1574 2276 initio
1601 2248 1637 2276 et

185 2288 255 2321 fine
282 2297 419 2327 carens,
447 2288 633 2331 sapientia,
661 2288 715 2322 vis
741 2288 919 2333 taliaque,
955 2299 1047 2333 quae
1073 2289 1188 2322 omnia
1211 2288 1281 2321 alia
1306 2289 1446 2332 quidem
1474 2294 1555 2322 sunt
1577 2295 1636 2323 at-

185 2344 253 2379 que
281 2334 457 2376 essentia,
497 2335 558 2368 sed
594 2335 763 2369 increata.
826 2335 922 2369 aliud
948 2336 1040 2369 enim
1067 2341 1120 2370 est
1152 2335 1243 2380 quod
1269 2334 1396 2378 habet,
1422 2335 1519 2370 aliud
1543 2337 1636 2382 quod

188 2381 358 2423 habetur,
393 2386 427 2414 et
461 2382 640 2415 diversum
676 2383 827 2427 quidem.

313 2440 367 2474 Ad
381 2439 469 2473 haec
486 2441 661 2487 Gregoras
680 2441 921 2484 respondens,
947 2441 1138 2484 proprium,
1163 2441 1290 2485 inquit,
1317 2440 1385 2473 hoc
1410 2440 1487 2483 tihi,
1510 2441 1637 2483 amice,

183 2492 236 2520 est
268 2487 428 2531 signum,
466 2492 505 2520 ut
541 2485 631 2521 nihil
672 2488 764 2532 quod
799 2488 843 2521 ad
874 2498 947 2521 rem
983 2488 1177 2531 pertineat,
1209 2488 1445 2531 respondeas,
1482 2488 1544 2522 sed
1571 2497 1635 2532 pro

180 2533 260 2566 aliis
313 2534 383 2567 alia
425 2534 574 2568 adducas
620 2535 854 2578 imperfecta,
893 2535 1033 2568 omissis
1072 2535 1143 2576 iis,
1179 2544 1270 2579 quae
1311 2536 1423 2578 magis
1464 2545 1636 2569 necessa..

179 2581 233 2614 ria
279 2586 380 2622 sunt,
415 2587 450 2614 et
485 2581 633 2614 obscura
676 2586 710 2614 et
746 2581 927 2615 inexculta
968 2587 1003 2615 et
1039 2582 1250 2615 testimoniis
1288 2582 1458 2615 carentia.
1520 2587 1636 2616 tamen

180 2637 293 2670 pauca
335 2628 438 2660 etiam
471 2629 515 2661 de
551 2629 619 2670 iis,
664 2638 754 2673 quae
778 2639 879 2672 inuno
920 2639 941 2662 a
973 2633 1009 2661 te
1042 2629 1133 2662 dicta
1175 2632 1275 2669 sunt,
1308 2628 1476 2672 loquutus
1517 2622 1636 2664 disce..
1669 2628 1672 2631 ⁴

191 2674 280 2708 dam.
331 2675 359 2707 si
385 2675 480 2709 aliud
508 2680 561 2709 est
595 2676 687 2719 quod
713 2675 840 2718 habet,
875 2675 970 2709 aliud
1003 2676 1094 2719 quod
1128 2675 1277 2708 hahetur
1312 2681 1346 2708 et
1371 2676 1570 2718 diversum,
1596 2687 1637 2710 ac

189 2721 219 2754 si
248 2722 340 2764 quod
366 2720 472 2756 habet
498 2727 551 2756 est
578 2722 744 2764 essentia,
773 2722 866 2767 quod
891 2728 1006 2756 autem
1032 2722 1180 2756 habetur
1216 2731 1287 2754 non
1317 2727 1369 2757 est
1398 2722 1552 2757 essentia
1574 2733 1638 2758 se..
