1826 3120
49 0 145 198 r
382 138 682 189 msromAE
711 139 1060 185 BYzANTmAE
1081 142 1205 184 xxx.
1234 127 1486 186 94-98
1577 136 1675 187 333

20 190 21 194 ,
55 194 73 224 ³²,

199 245 226 304 ἦ
243 233 334 328 ,μὲν
358 243 440 302 γὰρ
470 243 559 296 υἱός
588 261 659 288 και
697 244 817 299 λόγος
848 244 970 301 φωνὴ
1000 241 1258 299 μονότροπον
1288 242 1379 299 ἔχει
1418 243 1494 300 τὴν
1533 250 1714 301 σημα-ῖ
1737 251 1826 287 151Ἱ

202 314 301 356 σίαν
326 329 399 356 και
432 309 698 370 α’ναφορικὴν
725 309 832 366 πρὸς
861 311 935 354 τὸν
966 313 1158 366 πατέρα,
1187 310 1213 366 ἦ
1246 312 1294 354 δὲ
1323 313 1398 367 τῆς
1424 314 1579 369 σοφίας
1608 314 1677 355 ὀι-

204 380 323 435 πλῆν.
384 381 547 434 λέγεται
580 380 658 432 μὲν
686 375 768 433 γάρ
800 395 870 420 και
901 380 999 421 καθ’
1023 378 1126 422 amb
1168 378 1302 435 σοφία
1331 380 1674 434 καθολικωτέραν
1724 383 1727 393 ’

204 443 305 500 ἔχον
325 443 400 502 τὴν
429 444 611 500 ἔννοιαν,
646 442 714 487 ὅτε
744 444 902 487 ταύτὸν
935 444 1000 502 εἴη
1043 448 1195 503 σαφῶς
1225 447 1276 504 τῇ
1308 445 1434 506 οὕσίᾳ
1463 447 1537 488 καί
1565 446 1675 489 τοῦτ’

703 510 723 525 'A

52 503 63 561 ζ’
168 511 272 569 εεῖη
303 528 349 555 το
381 508 491 555 εἶναι
521 512 655 571 ταύτῃ
699 528 719 552 ο
768 511 813 555 τὸ
845 515 1002 570 σοφίαν
1034 509 1142 556 εἶναι
1181 512 1288 556 κατὰ
1321 513 1395 556 τὸν
1431 516 1506 556 τοῦ
1536 511 1674 563 εἴδους

202 578 342 623 εἴτουν
372 577 444 622 τόν
472 578 546 634 τῆς
577 578 746 635 φύσεως
783 581 1120 635 καθολικώτερον
1150 581 1295 636 λόγον,
1335 596 1406 624 οτε
1433 581 1565 638 σοφία
1595 598 1672 623 κα-

203 650 337 690 λεῖται
364 643 389 687 6
419 661 562 700 πατηρ
588 646 663 688 καί
689 646 709 688 ὁ
732 644 831 726 ευἱὸς
863 646 1021 700 ὁμοίως
1049 644 1191 703 ὥσπερ
1223 666 1292 691 και
1319 648 1445 691 ουσία
1476 645 1671 704 ἑκάτερα.

203 715 366 769 λέγεται
394 714 442 756 δὲ
468 714 603 770 σοφία
623 717 695 756 καί
722 712 744 768 ἧ
778 711 1012 764 ιῖπόστασις
1039 718 1084 757 ἐκ
1105 731 1178 774 του
1203 719 1543 771 καθολικωτέρου
1562 720 1760 770 λαμ-ΩΒ

201 779 393 836 βαίνουσα
422 775 607 835 τοῦνομα
629 814 641 835 ,
681 777 822 836 ὥσπερ
857 783 930 823 καί
958 776 1188 837 ἄνθρωπόν
1234 800 1377 841 φαμεν
1407 786 1574 834 εἰδικῶς
1603 785 1676 827 καί

146 849 390 895 ίοκαθόλου
420 847 495 904 τὴν
524 850 672 892 ου’σίαν
694 847 767 891 καί
794 849 941 906 φύσιν,
977 849 1115 892 εἶ’τουν
1144 853 1246 893 καθ’
1277 851 1385 894 αὑτὸ
1416 851 1490 894 καί
1511 854 1674 908 κυρίως

1017 913 1036 929 (Ι

201 917 276 959 καί
304 917 475 974 ου’δαμῇ
503 914 606 971 πρὸς
635 919 799 972 ἕτερον,
832 915 922 959 ἔστι
950 919 988 959 δ’
1017 934 1083 959 οτε
1113 935 1182 960 και
1227 919 1352 974 τήνδε
1378 917 1454 974 τὴν
1485 919 1674 962 ὑπόστα-

200 1000 295 1037 σιν,
339 982 413 1026 τόν
440 984 614 1039 Πέτρον
655 984 816 1040 δηλαδή
836 1018 847 1038 ‚
892 984 939 1025 τὸ
970 983 1127 1027 ειδικόν
1152 1001 1194 1027 τε
1226 1002 1295 1027 και
1336 986 1672 1041 καθολικώτερον

199 1066 334 1104 ονομα
367 1051 427 1100 εἰς
455 1048 500 1092 τὸ
528 1050 800 1106 προσωπικόν
840 1068 908 1093 και
939 1050 1104 1103 ιδιάζον
1130 1055 1459 1108 μεταφέροντες.
1509 1053 1563 1094 ου’
1590 1052 1672 1109 γάρ

200 1119 316 1162 ἐστιν
341 1116 565 1160 ι’διωτατον
591 1118 929 1173 περικλειόμενον
958 1119 982 1174 ἦ
1021 1121 1152 1176 σοφία
1192 1123 1290 1171 τινί,
1323 1121 1420 1162 οὔδ’
1460 1120 1675 1176 α’ναφορι-

144 1183 275 1239 15x6v
315 1183 372 1234 ὥς
407 1183 428 1227 6
458 1182 553 1234 υἱός
592 1183 694 1241 πρὸς
744 1184 816 1229 τὸν
843 1188 1006 1241 πατέρα
1052 1186 1124 1228 καί
1153 1186 1175 1229 6
1218 1189 1337 1242 λόγος
1379 1183 1486 1243 πρός
1515 1187 1586 1230 τόν
1619 1182 1672 1229 οὗ

199 1248 318 1332 λόγος
345 1252 440 1295 ἐστι
459 1254 581 1302 νοῦς·
637 1252 689 1295 τά
717 1254 796 1306 μὲν
824 1251 906 1308 γὰρ
938 1254 1127 1310 ου’σιώδη
1158 1271 1228 1297 και
1262 1253 1422 1311 φυσικὰ
1457 1271 1673 1309 περιεκτι-

199 1317 365 1376 κότερά
407 1320 490 1363 εἶσι
540 1323 613 1364 καί
651 1337 809 1378 αφετον
838 1320 928 1375 ἔχει
954 1319 1026 1376 τὴν
1056 1319 1245 1376 ἔννοιαν,
1276 1322 1328 1365 τὰ
1361 1323 1397 1363 δ’
1427 1322 1668 1378 α’ναφορικὰ
1746 1337 1766 1344 ‘

199 1387 306 1443 πρὸς
334 1381 494 1445 αλληλά
524 1404 570 1431 τε
601 1390 704 1443 ἐστί,
735 1392 809 1431 καί
834 1390 883 1447 τῇ
914 1389 1070 1442 μεταξύ
1093 1388 1355 1444 συνδεόμενα
1386 1392 1532 1444 σχέσει
1562 1406 1674 1445 αφε-

198 1470 271 1498 τον
303 1452 418 1510 ἔχειν
454 1458 624 1514 ου’δαμῇ
663 1463 948 1511 συγχωρεῖται
1000 1454 1077 1510 τήν
1115 1462 1345 1512 σημασίαν.
1415 1473 1558 1511 ωσπερ
1596 1453 1673 1500 ουν

111 1533 113 1535 ’
140 1523 325 1582 ποςοῦσία
357 1521 380 1565 6
414 1523 570 1579 πατήρ,
624 1523 751 1565 ου’σία
786 1522 804 1566 6
834 1521 959 1581 υἱός,
1007 1526 1132 1577 ου’σία
1177 1524 1223 1566 τὸ
1263 1526 1430 1578 πνεῦμα
1460 1523 1506 1567 τὸ
1536 1521 1671 1579 ἅγιον,

200 1587 338 1640 οὕτως
384 1585 470 1646 ἄρα
516 1592 589 1633 καί
617 1592 748 1647 σοφία
793 1590 814 1633 6
852 1590 1017 1646 πατήρ,
1056 1591 1186 1648 σοφία
1226 1589 1248 1632 6
1291 1589 1404 1647 υἱός,
1450 1592 1581 1648 σοφία
1622 1591 1668 1634 τό

199 1659 367 1712 πνεῦμα
398 1657 446 1701 ro*
476 1653 620 1713 ἅγιον·
698 1660 771 1701 καί
816 1656 919 1711 ὁμοῦ
947 1662 1026 1713 μία
1057 1662 1189 1715 σοφία
1219 1657 1276 1710 ὦς
1318 1662 1398 1714 μία
1429 1659 1571 1714 ου’σία,
1602 1662 1672 1702 καὶ

200 1723 251 1767 οὖ
281 1729 393 1782 τρεῖς
419 1728 571 1783 σοφίαι
597 1723 739 1781 ὥσπερ
790 1723 890 1767 οὐδὲ
928 1732 1038 1782 τρεῖς
1064 1727 1222 1771 οὐσίαι.
1296 1723 1393 1770 ὅταν
1424 1723 1500 1771 οὖν
1533 1724 1554 1770 6
1583 1724 1672 1778 υἱὸς
1687 1739 1761 1774 os

201 1956 342 1992 semper
366 1947 458 1982 ratio
482 1952 543 1981 aut
567 1945 662 1981 filius
697 1948 753 1981 cui
790 1947 977 1991 sapientia.
1042 1958 1114 1982 vox
1141 1948 1233 1981 enim
1262 1946 1327 1981 lilii
1355 1953 1390 1981 et
1408 1947 1556 1982 rationis
1581 1948 1670 1982 sim-

200 1995 331 2039 plicem
357 1994 466 2028 habet
490 1995 786 2040 significationem
825 2001 859 2028 et
889 1996 931 2029 ad
960 2001 1094 2039 patrem
1121 1995 1289 2029 relatam:
1327 1996 1525 2039 sapientiae
1550 2001 1669 2029 autem

199 2052 272 2077 vox
297 2042 488 2087 duplicem.
539 2043 667 2076 dicitur
703 2044 794 2076 enim
823 2053 887 2086 per
912 2053 951 2076 se
980 2044 1155 2087 sapientia
1190 2043 1283 2087 quod
1314 2043 1574 2087 generaliorem
1602 2043 1670 2077 ha..

198 2090 260 2125 bet
284 2090 481 2132 notionem,
509 2090 568 2124 ubi
596 2095 719 2134 aperte
744 2091 835 2123 idem
864 2096 917 2123 est
943 2101 1021 2123 cum
1038 2092 1213 2124 essentia:
1243 2095 1349 2134 atque
1376 2090 1444 2124 hoc
1469 2091 1561 2124 idem
1590 2091 1667 2124 fere

201 2143 255 2172 est
280 2137 374 2183 quod
398 2138 542 2181 sapiens
568 2139 723 2171 essentia
742 2138 932 2171 secundum
961 2138 1094 2171 formae
1120 2139 1199 2172 sive
1222 2142 1369 2171 naturae
1394 2139 1568 2171 rationem
1598 2149 1667 2183 ge..

199 2185 437 2228 neraliorem‚
473 2185 534 2219 ubi
572 2186 747 2229 sapientia
785 2191 934 2219 vocatur
967 2191 1068 2228 pater
1110 2190 1145 2218 et
1170 2185 1263 2218 filius
1304 2185 1427 2219 eodem
1466 2185 1569 2219 modo
1597 2195 1666 2230 quo

201 2233 306 2282 etiam
336 2233 492 2267 essentia
517 2238 676 2278 utraque.
729 2233 855 2266 dicitur
890 2238 1006 2266 autem
1033 2234 1206 2277 sapientia
1228 2233 1331 2265 etiam
1359 2232 1567 2274 substantia,
1595 2243 1666 2266 no-

200 2273 284 2314 men'
304 2281 472 2325 accipens
501 2291 521 2313 a
546 2291 701 2326 genere:
735 2286 772 2314 ut
797 2281 990 2313 secundum
1026 2281 1172 2313 formam
1200 2286 1234 2314 et
1259 2290 1374 2325 genus
1411 2281 1600 2314 essentiam
1632 2285 1668 2314 et

198 2333 359 2362 naturam
387 2329 489 2362 etiam
520 2328 697 2362 hominem
724 2328 958 2372 appellamus,
994 2329 1072 2361 sive
1101 2338 1165 2371 per
1192 2339 1230 2361 se
1261 2333 1296 2361 et
1320 2329 1478 2371 proprie,
1506 2333 1541 2361 et
1564 2327 1666 2361 nullo

199 2376 305 2409 modo
331 2375 531 2410 referentes
558 2377 601 2410 ad
630 2376 749 2416 aliud,
786 2376 959 2408 interdum
998 2376 1102 2409 etiam
1137 2380 1266 2421 certam
1294 2374 1385 2408 hanc
1423 2375 1665 2418 substantiam,

199 2422 340 2457 Petrum
365 2424 552 2466 nimirum,
597 2425 646 2457 ita
683 2429 721 2456 ut
749 2423 882 2456 formae
924 2428 958 2456 et
988 2423 1133 2467 generis
1166 2433 1295 2456 nomen
1322 2423 1358 2456 in
1384 2427 1517 2456 certum
1545 2428 1580 2456 et
1603 2433 1666 2457 se-

201 2476 335 2505 cretum
362 2471 628 2508 transferamus,
688 2481 807 2515 neque
849 2472 940 2504 enim
969 2471 1144 2514 sapientia
1171 2481 1248 2503 cum
1274 2471 1320 2503 sit
1354 2469 1490 2514 aliquid
1516 2471 1666 2504 maxime

199 2523 390 2561 secretum,
416 2519 687 2553 circumclusum
716 2519 790 2552 ulla
816 2530 879 2560 re,
905 2529 1022 2562 neque
1053 2519 1181 2552 referri
1209 2518 1315 2551 debet
1347 2523 1385 2550 ut
1412 2516 1504 2551 lilius
1529 2518 1573 2551 ad
1598 2528 1666 2562 pa..

200 2571 303 2608 trem,
330 2571 367 2600 et
390 2567 480 2601 ratio
506 2567 548 2601 ad
577 2568 624 2608 id,
652 2568 752 2600 cuius
779 2567 869 2600 ratio
894 2572 946 2599 est
972 2576 1083 2599 mens.
1144 2564 1350 2599 essentialia
1379 2565 1471 2598 enim
1497 2570 1532 2598 et
1559 2571 1667 2599 natu-

199 2613 291 2647 ralia
314 2613 420 2648 latius
447 2620 569 2659 patent
593 2614 814 2658 liberamque
841 2614 972 2647 habent
999 2615 1203 2647 notionem:
1240 2623 1330 2657 quae
1357 2618 1473 2646 autem
1499 2612 1667 2646 referun-

199 2665 260 2694 tur
282 2660 381 2695 inter
408 2673 448 2695 se
474 2668 510 2696 et
538 2662 659 2696 habitu
687 2667 807 2695 mutuo
836 2662 1025 2695 coniuncta
1051 2666 1131 2695 sunt
1156 2671 1274 2705 neque
1300 2659 1375 2694 ullo
1403 2660 1506 2693 modo
1532 2670 1668 2694 conce..

200 2708 294 2743 ditur
331 2709 376 2743 iis
413 2715 452 2743 ut
485 2709 691 2743 liberiorem
730 2709 881 2743 habeant
919 2709 1238 2753 significationem:
1273 2713 1311 2741 ut
1343 2708 1454 2753 igitur
1487 2713 1588 2752 pater
1615 2713 1669 2741 est

203 2757 370 2801 essentia,
395 2757 490 2792 filius
517 2759 671 2792 essentia
687 2782 698 2801 ‚
736 2758 881 2803 spiritus
905 2762 1046 2792 sanctus
1074 2756 1250 2800 essentia,
1276 2757 1325 2790 ita
1350 2762 1452 2801 pater
1476 2756 1581 2791 etiam
1606 2766 1669 2791 sa-
