1826 3120
58 1393 84 1428 f.
111 1384 179 1422 134
192 1397 220 1421 r.

235 122 333 177 272
591 112 598 116 *
632 102 933 175 mcsruom
981 110 1288 178 eumer-Ar,

231 242 392 296 χρῆναι
425 240 602 293 νομίζω,
631 237 708 280 τοῦ
734 236 786 280 τὰ
817 234 980 291 κρυπτὰ
1021 237 1255 292 ἐφορῶντος
1294 236 1398 275 θεοῦ·
1417 232 1691 294 γινώσκοντος

235 307 433 361 ἀκριβῶς.
506 302 618 359 ὅμως
669 305 760 346 ἐπεὶ
790 305 985 361 θειοτέρα
1022 302 1156 359 βουλῇ
1191 299 1264 343 τόν
1299 300 1494 358 πατρῷόν
1521 309 1590 343 σὀι
1618 300 1692 354 τῆς

232 376 469 428 μοναρχίας
500 372 730 428 α’νείληφας
752 372 918 424 κλῆρον,
950 364 986 410 αἶ
1005 371 1199 423 βασιλεῦ,
1229 368 1302 411 καί
1329 362 1426 420 ἅμα,
1453 366 1562 422 ἡμᾶς
1592 366 1692 409 α’νε-

232 440 530 490 πεπνεύκειμεν
573 436 714 492 βραχύ
760 453 827 477 και
871 433 969 477 ὅσον
1015 432 1071 490 μὴ
1103 437 1152 491 τῇ
1193 436 1389 491 συνεχείᾳ
1431 435 1518 478 τῶν
1543 433 1692 476 δεινῶν
1744 479 1748 481 ,

233 503 567 561 ἀπηγορευκότας
601 506 810 557 προέσθαι
842 500 887 543 τὸ
911 504 1000 556 ζῆν,
1032 504 1103 543 καί
1126 499 1170 544 αἶ
1198 502 1279 544 τῶν
1301 497 1594 557 ψηφισμάτων
1622 497 1726 552 καί5

233 571 533 649 τομογραφιῶν
577 573 743 612 ἐκείνων
788 571 953 624 κηλῖὃες
986 587 1053 611 και
1081 569 1203 623 κῆρες
1242 562 1342 623 ηκον
1369 567 1469 623 ἡμῖν
1497 565 1557 616 εἷς
1591 576 1694 620 οψιν

234 654 301 679 και
333 635 473 691 α’κοήν,
503 635 686 691 ἔγνωμεν
716 631 795 691 ηδη
828 653 976 691 σαφως
996 635 1067 677 καί
1093 634 1169 684 τὰς
1198 637 1287 677 ἐκεῖ
1307 633 1596 690 βλασφημίας,
1622 631 1697 674 και

235 701 336 753 ὅσας
366 705 449 745 ταῖν
478 705 605 745 θείων
632 706 811 758 γραφῶν
843 702 918 751 τὰς
951 700 1152 755 διαβολὰς
1182 703 1438 756 καταχέουσι
1466 700 1539 742 καί
1565 714 1694 742 συκο-

234 772 430 826 φαντίας.
488 769 712 824 α’ναγκαῖον
736 765 812 810 οὖν
836 770 990 811 ἐκεῖνον
1011 763 1092 824 ἤδη
1123 768 1433 823 προενεχθῆναι
1462 766 1536 809 τόν
1564 765 1694 820 τόμον

233 838 292 885 εἰς
320 839 464 890 μέσον,
494 837 562 879 ἵνα
588 836 646 890 μὴ
666 834 801 891 μάτην
832 836 902 878 καί
931 837 989 884 εἰς
1010 835 1128 877 κενὸν
1157 834 1176 876 ὅ
1211 833 1367 889 δρόμος
1395 833 1492 889 ἡμῖν
1521 831 1691 891 ὖπάρχῃ
1708 853 1751 889 10

232 905 305 946 τοῦ
338 905 458 957 λόγου
488 905 699 959 μηδεμίαν
730 901 839 957 ἔχων
869 904 1050 958 κρηπῖδα
1086 903 1157 945 καί
1186 902 1350 957 fidant-'²

361 970 407 1014 Ὁ
436 972 482 1012 δὲ
509 968 709 1023 βασιλεύς
749 969 855 1011 “otiu
898 969 1022 1025 ἔργου
1066 970 1180 1021 τινὸς
1207 972 1395 1019 ἐντελοῦς
1433 972 1476 1012 ἐν
1513 971 1568 1028 τῷ
1598 963 1694 1023 ἅρτι

237 1035 466 1092 ζητοῦμεν”
517 1035 599 1091 ἔφη
622 1034 937 1089 “κατα’στοισιν,
982 1031 1089 1079 ἅλλοὶ
1128 1037 1319 1091 γνώσεως
1355 1052 1480 1078 οιονει
1519 1037 1694 1114 τυπικῆς

236 1104 308 1146 καί
339 1101 545 1152 σκιώδους
586 1102 683 1158 ι’χνη
726 1103 798 1145 καί
831 1102 1127 1159 ὑπομνήματα.
1186 1098 1212 1159 ἦ
1254 1120 1335 1158 γαρ
1377 1099 1429 1145 ἂν
1459 1100 1694 1145 ἐπισκόπων

236 1189 305 1214 και
349 1187 620 1226 πατριαρχων
655 1168 761 1224 ὁμοῦ
800 1171 870 1213 καί
906 1173 1199 1255 πρεσβυτέρων
1245 1170 1476 1226 συνήγομεν
1514 1173 1692 1225 θέατρα,
1709 1181 1751 1216 15

237 1240 310 1280 καί
336 1240 410 1279 οὐκ
439 1239 483 1280 ἐν
502 1237 763 1296 παραβύστῳ
793 1255 860 1280 και
879 1240 1007 1297 γωνία
1033 1237 1078 1280 τό
1098 1240 1270 1293 πρᾶγμα
1302 1237 1403 1292 ἡμῖν
1431 1236 1592 1280 οὑτωσί
1606 1251 1694 1285 πως

237 1307 427 1347 ἐτελεῖτο.
487 1302 604 1346 ἔσται
637 1306 675 1346 δ’
705 1302 780 1346 οὖν
812 1302 923 1357 ὅμως
960 1305 1124 1358 κοῖκεῖνο
1165 1304 1269 1347 κατὰ
1306 1302 1375 1346 τὸν
1413 1305 1559 1346 δέοντα
1586 1301 1697 1358 χρό-

236 1371 343 1414 νον.”
401 1369 628 1424 ὑπολαβών
658 1366 733 1412 οὖν
767 1371 787 1412 ὁ
816 1374 1033 1424 Παλαμοῖς
1064 1372 1122 1419 εἰς
1150 1370 1366 1424 Βαρλαὰμ
1398 1369 1567 1425 α’νοὶγειν
1597 1368 1696 1411 ἑπε-

235 1439 370 1492 χείρει
400 1436 475 1480 τὸν
505 1437 638 1492 λόγον,
668 1441 739 1480 καί
764 1436 969 1480 δεικνύειν
999 1436 1051 1480 τὰ
1081 1440 1213 1489 ζῶντα
1243 1440 1287 1480 ἐκ
1317 1441 1399 1481 τῶν
1423 1439 1592 1492 νεκρῶν.
1623 1433 1694 1478 ἐκ-

238 1507 487 1559 κέκρουσται
518 1505 564 1546 δὲ
591 1504 697 1556 πρὸς
729 1506 802 1546 τοῦ
819 1506 1025 1560 Γρηγορᾶ,
1052 1507 1111 1554 εἰς
1139 1503 1183 1546 τό
1216 1505 1378 1561 α’φανὲς
1410 1501 1693 1561 καταφεύγων,
1706 1511 1752 1548 20

238 1572 398 1625 παρόν,
441 1568 470 1612 όί
508 1568 587 1625 πρό
620 1571 883 1627 ὀφθαλμῶν,
925 1571 1089 1622 τούτοις
1118 1575 1354 1627 κεχρῆσθαι
1382 1572 1488 1628 πρὸς
1513 1569 1587 1626 τὴν
1613 1588 1697 1613 πα-

237 1639 398 1691 ροῦσαν
428 1640 589 1693 χρείαν.
649 1637 713 1679 διὸ
749 1642 820 1680 καί
845 1639 950 1693 πρὸς
979 1636 1128 1694 ἑτέραν
1150 1636 1410 1694 τραπόμενος
1439 1636 1489 1686 τά
1514 1654 1562 1681 τε
1591 1635 1696 1680 ἄλλα

239 1704 534 1761 ἑπολυλόγησε,
569 1707 640 1747 καί
669 1701 757 1759 ἅμα
789 1707 1048 1762 κατέδραμεν
1082 1704 1126 1748 εἴ
1151 1721 1259 1755 τινες
1291 1701 1372 1749 εἶεν
1403 1702 1443 1748 οἶ
1468 1705 1542 1762 τὴν
1571 1704 1695 1747 θείαν

1762 1373 1781 1387 d

845 1880 857 1894 U

239 1905 328 1937 mus,
355 1896 574 1929 committere
601 1896 743 1930 auribus
772 1896 951 1931 hominum
972 1898 1113 1931 omnino
1139 1907 1211 1931 non
1235 1906 1386 1931 necesse
1404 1901 1502 1940 puto,
1528 1895 1608 1939 deo,
1635 1894 1703 1940 qui

241 1943 359 1976 oculta
384 1944 655 1986 animadvertit,
697 1944 784 1977 haec
811 1950 975 1978 accurate
1014 1945 1264 1988 perspiciente.
1315 1949 1431 1977 tamen
1457 1954 1535 1977 cum
1561 1943 1695 1979 volun..

241 1995 313 2023 tate
338 1991 470 2032 divina,
499 1992 700 2034 imperator,
728 1993 875 2035 patriam
902 1998 995 2025 tuam
1020 1993 1159 2035 imperii
1185 1996 1315 2025 sortem
1342 1991 1543 2034 susceperis
1568 1990 1696 2026 simul-

242 2048 311 2081 que
334 2047 399 2070 nos
426 2038 658 2071 refecerimus
684 2039 864 2082 paululum
900 2041 959 2083 qui
994 2040 1260 2082 perseverantia
1299 2038 1539 2082 periculorum
1563 2037 1695 2072 defati-

241 2085 313 2128 gati
340 2085 447 2118 vitam
475 2095 545 2118 non
572 2086 817 2128 abiecerimus,
845 2097 993 2131 cumque
1018 2087 1237 2120 decretorum
1264 2091 1298 2119 et
1318 2085 1537 2119 voluminum
1552 2085 1696 2118 illorum

242 2132 401 2165 maculae
427 2137 461 2165 et
488 2133 595 2166 exitia
622 2135 658 2166 in
686 2139 913 2177 conspectum
939 2134 1040 2167 nobis
1069 2134 1257 2167 inciderint
1291 2138 1326 2166 et
1349 2133 1476 2166 famam
1502 2133 1574 2171 iam,
1599 2131 1695 2165 clare

242 2180 526 2222 perspexerimus
565 2186 599 2213 et
625 2182 788 2214 convicia
821 2182 888 2214 ista
926 2187 960 2214 et
993 2191 1220 2225 quascunque
1255 2186 1377 2214 contra
1411 2179 1522 2214 libros
1555 2179 1695 2213 divinos

243 2227 519 2260 obtrectationes
545 2227 724 2272 falsasque
751 2229 1015 2262 criminationes
1044 2228 1242 2262 effundunt:
1281 2237 1430 2261 necesse
1464 2228 1574 2272 igitur
1606 2225 1696 2260 illud

242 2273 410 2307 volumen
447 2275 514 2307 iam
549 2276 749 2317 proferatur
782 2276 817 2308 in
843 2277 1018 2317 medium,
1043 2286 1088 2309 ne
1122 2276 1234 2308 oratio
1271 2280 1392 2309 nostra
1417 2280 1551 2308 temere
1578 2278 1613 2307 et
1636 2273 1695 2306 in..

242 2331 377 2354 cassum
410 2322 590 2365 procedat,
620 2322 755 2355 nullum
786 2323 917 2357 habens
945 2323 1086 2356 fundum
1114 2323 1457 2366 fundamentumque.

372 2379 456 2413 Tum
481 2391 568 2414 rex:
609 2391 680 2414 non
709 2382 849 2424 operis,
876 2382 1008 2425 inquit,
1038 2381 1188 2424 perfecti
1213 2382 1249 2414 in
1279 2382 1457 2424 praesenti
1483 2382 1695 2425 requirimus

241 2427 561 2470 compositionem3
585 2429 646 2461 sed
675 2429 856 2462 doctrinae
883 2435 1045 2472 tanquam
1071 2428 1287 2471 symbolicae
1324 2434 1358 2461 et
1384 2429 1555 2468 obscurae
1580 2429 1696 2473 vesti..

244 2475 302 2518 gia
333 2479 367 2507 et
393 2476 506 2518 signa.
556 2476 717 2518 profecto
745 2477 837 2508 enim
875 2476 1160 2519 presbyterorum
1201 2485 1364 2508 coronam
1395 2476 1693 2509 convocabamus:

240 2532 357 2565 neque
388 2532 475 2555 vero
503 2523 538 2554 in
563 2528 702 2556 secreto
730 2529 764 2556 et
790 2534 934 2556 recessu
961 2533 1018 2555 res
1042 2523 1144 2555 nobis
1174 2522 1377 2556 ullomodo
1408 2523 1695 2566 componebatur,

241 2574 472 2611 componetur
497 2575 613 2602 tamen
638 2571 729 2603 iusto
756 2576 927 2614 tempore.
980 2571 1036 2602 cui
1060 2570 1220 2603 referens
1237 2570 1394 2603 Palamas
1421 2572 1457 2603 in
1475 2570 1696 2604 Barloamum

241 2621 454 2649 convertere
494 2617 685 2650 conabatur
723 2627 918 2651 sermonem
951 2618 1034 2651 viva
1062 2627 1116 2650 ex
1149 2618 1296 2651 mortuis
1329 2618 1585 2651 demonstrare.
1635 2615 1698 2650 sed

240 2663 395 2696 reiectus
437 2668 490 2696 est
527 2674 590 2707 per
627 2666 817 2709 Gregoram
854 2676 930 2697 cum
965 2665 1008 2698 ad
1044 2675 1101 2698 res
1136 2665 1301 2698 obscuras
1338 2666 1568 2710 confugeret·
1605 2662 1698 2708 quod

240 2709 369 2745 liceret
394 2716 475 2744 ante
503 2711 628 2746 oculos
655 2713 771 2756 posita
794 2712 837 2746 ad
863 2723 1001 2746 causam
1020 2717 1241 2757 praesentem
1260 2712 1447 2747 adhibere:
1473 2711 1697 2759 quamobrem
