1826 3120
325 125 419 171 100
727 122 1025 167 NICEPHORI
1050 164 1053 167 ,
1077 119 1382 165 GREGORAE

318 233 358 274 δ’
394 232 551 274 οὖτωσι
589 230 635 272 τὸ
681 231 860 284 συμβάν.
943 232 1172 282 πρεσβείαν
1219 228 1241 270 ὅ
1273 231 1355 271 τῶν
1402 230 1648 283 Τριβαλλῶν
1695 227 1790 284 noo?

289 300 514 376 ,Qun—⁴5⁰6
531 294 696 351 ἡγεμών
727 299 976 352 ἐπεπόμφει,
1005 294 1111 350 πρὸς
1141 295 1277 348 γάμου
1305 298 1435 351 ζητῶν
1463 299 1680 339 κοινωνίαν
1699 312 1794 343 συη

317 363 451 417 νάψαι
474 381 548 419 την
580 362 738 405 ἑαυτοῦ
769 364 982 417 θυγατέρα
1007 365 1089 404 τῶν
1117 363 1192 403 τοῦ
1218 361 1419 414 ’Υρκανοῦ
1438 360 1590 404 τούτου
1618 362 1794 421 παίδωνζ

315 426 390 483 ἔνι’,
420 429 488 471 ἵνα
518 431 760 484 συγγενικῆς
791 429 975 482 σχέσεως
1016 427 1092 477 τοὶς
1119 428 1277 481 μεταξύ
1321 426 1505 477 σπονδας
1534 429 1780 484 ἐρειδούσης

314 496 604 550 μονιμώτερον
634 498 684 552 τῇ
714 496 797 536 τῶν
835 496 1081 547 Τριβαλλῶν
1118 496 1316 537 ἐντεῦθεν
1349 493 1412 550 εἴη
1441 494 1562 551 χώρᾳ
1588 493 1634 538 τὸ
1669 491 1776 550 ἄφο-

228 565 407 618 34βον.
467 563 509 610 ἐς
538 565 713 604 τοσοῦτο
741 559 821 615 γάρ
854 559 874 601 ὁ
904 563 1124 615 βάρβαρος
1156 555 1274 610 οὗτος
1305 555 1416 616 ἦρθη
1445 559 1662 614 δυνάμεως
1682 561 1781 614 Ὑρ-

317 627 469 682 κανός,
513 628 570 677 ῶς
607 626 665 682 μή
709 627 837 680 μόνον
877 629 1155 670 Μακεδονίαν
1193 627 1266 669 καί
1296 628 1467 685 Θρᾴκην
1511 627 1585 670 καὶ
1610 626 1707 677 τοῖς
1736 630 1780 670 ἐν

320 694 467 753 Θρᾴκῃ
500 695 722 749 ληΐζεσθαι
743 693 985 747 εΡωμιιιιόυς
1016 697 1088 736 καί
1118 693 1301 743 Μυσούς
1341 695 1490 748 α’δεῶς,
1521 690 1602 749 ἤδη
1631 695 1677 736 δὲ
1709 697 1783 737 καί

322 765 570 815 Τριβαλλοῖς
611 760 773 817 μακρὸν
812 763 982 814 ἐνέβαλε
1022 762 1135 814 δέος,
1166 763 1363 815 πολέμιον
1394 761 1498 812 adm*
1534 761 1608 815 τῆς
1632 759 1780 815 χώρας

317 826 486 871 ἐκείνων
515 826 736 880 ἐκπέμπων
766 827 959 883 στρατόν,
990 831 1061 871 καί
1089 831 1284 884 πλείστην
1319 830 1479 871 ἐκεῖθεν
1515 827 1782 882 ἐπαγόμενος,

316 891 445 936 «indta
474 895 689 949 βούλοιτο,
718 897 850 937 λείαν.
917 892 989 949 την
1021 895 1071 948 δὴ
1102 893 1300 949 τοιαύτην
1327 895 1517 948 ἀσμένως
1558 894 1582 935 ὅ
1612 891 1780 948 βάρβα-

315 976 389 1016 ρος
412 963 655 1015 δεδεγμένος
684 962 933 1016 πρεσβείαν,
965 961 1104 1014 δεξιάν
1137 978 1178 1004 τε
1217 960 1452 1018 ἐπεπόμφει
1477 957 1682 1014 σπονδῶν,
1711 961 1783 1005 καί

315 1025 403 1081 ἅμα
434 1028 533 1077 τοὺς
561 1027 604 1070 τὸ
633 1029 756 1083 κῆδος
782 1026 1096 1082 βεβαιῶσοντας
1119 1031 1327 1080 πρέσβεις.
1386 1030 1459 1070 καί
1484 1028 1562 1079 μὲν
1596 1025 1647 1082 δη
1680 1026 1781 1070 τού-
1806 1083 1808 1085 ‚

314 1110 402 1144 τοις
428 1096 676 1148 ἐνεδρεύσας
723 1095 942 1136 ἐπανιοῦσι
982 1092 1092 1146 μετὰ
1139 1096 1427 1147 Τριβαλλικῶν
1465 1095 1680 1147 πρέσβεων
1710 1095 1784 1136 καί

315 1160 463 1214 δώρων
490 1163 673 1214 συχνῶν,
704 1163 803 1215 περί
820 1176 900 1202 που
929 1159 1003 1210 τὰς
1024 1164 1101 1202 τοῦ
1123 1157 1367 1203 Ῥαιδεστοῦ
1390 1159 1621 1216 παρόδους,
1651 1159 1672 1202 ὅ
1708 1159 1807 1210 τοῦ,

312 1230 521 1281 βασιλέως
543 1226 613 1269 ἐπί
629 1227 813 1282 θυγατρί
832 1228 1035 1282 γαμβρός,
1056 1227 1077 1270 ὅ
1100 1229 1178 1270 τοῦ
1194 1229 1276 1269 τῶν
1293 1229 1504 1271 Αἰτωλῶν
1522 1230 1596 1270 καί
1623 1228 1780 1282 Ἀκαρ-

315 1293 452 1336 νάνων
480 1289 680 1347 ἄρξαντος
712 1294 876 1336 Κόντου
899 1294 1031 1336 πάλαι
1062 1301 1172 1346 παῖς,
1197 1293 1245 1336 τὰ
1276 1297 1353 1346 μὲν
1386 1296 1503 1350 δῶρα
1535 1295 1674 1336 ἐκεῖνα
1703 1297 1780 1350 λῃ·-

315 1359 591 1414 στρικώτερον
609 1359 815 1414 διήρπασε
843 1359 1007 1415 τρόπον,
1035 1363 1117 1403 τῶν
1149 1364 1194 1403 δὲ
1223 1365 1440 1416 πρέσβεων
1460 1357 1532 1411 οὓς
1560 1361 1639 1414 μὲν
1671 1361 1778 1403 α’πέ-

315 1442 469 1468 κτεινεν
499 1427 541 1477 ἐξ
570 1426 745 1482 ἐφόδου,
775 1424 848 1477 οὓς
882 1430 918 1468 δ’
947 1427 1172 1483 ἐζώγρησε.
1231 1427 1304 1470 καί
1335 1423 1384 1482 ἦν
1414 1423 1542 1477 αὖθις
1559 1430 1632 1470 καί
1658 1430 1779 1470 τοῦτο

316 1491 534 1548 προσθήκη
566 1491 680 1547 δεινὴ
715 1496 765 1550 τῇ
795 1496 874 1536 τῶν
903 1492 1184 1548 ταλαιπώρων
1221 1493 1325 1551 τύχῃ
1346 1494 1579 1548 Ῥωμαίων.
1611 1491 1668 1544 ῶς
1698 1494 1778 1550 γὰρ

313 1561 521 1614 χειμῶνος
543 1561 587 1600 ἐν
620 1556 816 1618 θαλάσσῃ
848 1561 1046 1613 κυμάτων
1081 1561 1404 1615 α’λλεπαλλήλων
1432 1563 1617 1615 πλῆθος,
1649 1558 1781 1611 οὕτως
1815 1559 1818 1562 ’

316 1621 419 1668 ἄλλο
445 1626 508 1667 ἐπ’
535 1622 677 1676 ἄλλοις
707 1629 777 1669 αἐἰ
800 1627 1021 1670 κάνταῦθα
1044 1632 1273 1682 συμπίπτει
1292 1617 1566 1684 δυστύχημα·
1591 1629 1664 1670 καί
1685 1629 1783 1682 πρὶν

316 1690 365 1735 τὰ
396 1694 543 1749 πρῶτα
589 1695 825 1750 δυνηθῆναι
866 1695 1119 1751 θεραπεύειν
1144 1691 1372 1750 ὁπωσοῦν,
1418 1692 1441 1735 ὅ
1469 1697 1542 1750 τῆς
1568 1694 1781 1751 ἁμαρτίας

320 1917 389 1951 que
416 1905 556 1940 barbari
579 1915 689 1940 more.
749 1907 801 1941 sic
837 1913 952 1941 autem
981 1917 1019 1942 se
1053 1917 1110 1941 res
1144 1907 1307 1941 habebat.
1366 1907 1507 1952 legatos
1532 1907 1677 1942 miserat
1699 1907 1779 1942 'rri-
1825 1922 1826 1938 ³

318 1953 494 1988 ballorum
528 1954 693 1998 princeps
722 1954 829 1998 paulo
857 1960 957 1995 ante,
984 1955 1043 1998 qui
1075 1955 1289 1987 matrimonii
1327 1955 1591 1988 coniuntionem
1616 1959 1779 1999 peterent

319 2001 414 2034 inter
439 2000 545 2034 filiam
584 2006 689 2045 atque
725 2012 831 2034 unum
861 2012 904 2034 ex
929 2001 1083 2044 Hyrcani
1110 2001 1214 2043 filiis,
1254 2007 1292 2034 ut
1317 2001 1498 2035 affinitatis
1524 2001 1669 2035 vinculo
1697 2001 1778 2035 foe-
1820 2004 1822 2008 “

320 2048 404 2089 dus,
435 2048 528 2092 quod
554 2048 647 2081 inter
681 2058 719 2082 se
746 2049 927 2090 fecerant,
967 2049 1195 2082 confirmante
1231 2049 1448 2082 constantior
1482 2054 1576 2082 esset
1601 2047 1777 2083 Triballo-

318 2105 394 2128 rum
421 2095 463 2128 ab
490 2094 554 2128 illa
579 2100 678 2138 parte
704 2096 888 2129 securitas.
949 2095 1133 2138 Hyrcanas
1169 2096 1259 2128 enim
1285 2095 1453 2129 barbarus
1487 2096 1529 2129 ad
1551 2101 1665 2129 tantas
1692 2105 1778 2140 opes

320 2147 466 2175 evectus
496 2147 583 2183 erat,
610 2147 647 2175 ut
672 2152 743 2175 non
768 2144 870 2176 modo
907 2143 1145 2177 Macedoniam
1173 2148 1207 2176 et
1242 2142 1422 2176 Thraciam
1449 2143 1694 2187 Romanosque
1721 2148 1778 2176 at-

320 2199 389 2233 que
403 2189 520 2232 Mysos
547 2189 582 2221 in
598 2189 743 2223 'lhracia
765 2189 964 2223 incolentes
983 2190 1149 2223 audacter
1174 2190 1414 2233 praedaretur,
1442 2200 1564 2224 verum
1582 2190 1685 2223 etiam
1711 2190 1778 2223 iam

318 2235 482 2269 Triballis
508 2247 670 2280 magnum
710 2237 874 2270 iniiceret
906 2237 1086 2279 timorem,
1130 2237 1252 2270 hostili
1288 2237 1324 2269 in
1363 2246 1483 2270 eorum
1508 2237 1597 2271 fines
1623 2237 1778 2270 immisso

321 2283 481 2316 exercitu
508 2288 614 2327 atque
638 2285 800 2326 maxima,
827 2284 918 2317 unde
945 2284 1070 2325 vellet,
1097 2290 1175 2317 acta
1200 2284 1341 2328 praeda.
1393 2283 1456 2317 illa
1481 2293 1568 2318 vero
1596 2283 1778 2328 legatione

318 2329 476 2374 benigne
512 2336 684 2374 excepta,
723 2332 783 2375 qui
822 2332 973 2365 foederis
1008 2331 1111 2365 fidem
1150 2336 1254 2375 atque
1287 2331 1492 2365 affinitatem
1519 2331 1778 2373 confirmarent,

321 2375 461 2421 legatos
489 2378 675 2411 confestim
710 2379 816 2412 misit.
881 2379 980 2411 hisce
1023 2383 1138 2411 autem
1178 2389 1247 2412 una
1282 2389 1359 2411 cum
1393 2377 1779 2423 Triballorum'legatis

321 2424 390 2457 iter
417 2423 629 2458 facientibus
656 2426 874 2470 maximaque
903 2426 994 2459 dona
1019 2436 1138 2459 secum
1153 2425 1372 2469 portantibus
1399 2426 1494 2458 circa
1511 2425 1675 2459 Raedesti
1700 2425 1779 2458 adi-

321 2475 394 2503 tum
421 2472 605 2505 insidiatus
631 2473 853 2516 imperatoris
879 2483 1014 2517 gener,
1047 2473 1140 2506 filius
1168 2473 1332 2515 Comitis,
1369 2474 1429 2517 qui
1464 2472 1548 2506 olim
1579 2472 1719 2506 Aetolis
1746 2475 1781 2504 et

318 2518 562 2552 Acarnanibus
588 2520 874 2562 imperitaverant,
903 2521 993 2554 dona
1018 2520 1164 2554 latronis
1199 2529 1296 2552 more
1332 2520 1501 2563 diripuit,
1527 2518 1665 2563 legatos
1690 2518 1780 2552 alios

320 2566 432 2608 primo
459 2566 592 2609 impetu
619 2568 767 2609 occidit,
804 2567 893 2601 alios
927 2568 1030 2601 vivos
1069 2569 1175 2611 cepit.
1227 2566 1315 2600 haec
1347 2577 1404 2600 res
1441 2577 1561 2600 rursus
1595 2566 1780 2599 calamito-
1820 2586 1822 2588 v

321 2621 392 2645 sam
418 2614 661 2646 accessionem
692 2615 899 2647 miserorum
923 2614 1160 2648 Romanorum
1198 2614 1360 2647 fortunae
1388 2614 1557 2647 adiunxit.
1620 2619 1658 2647 ut
1689 2613 1781 2646 enim

320 2663 531 2702 tempestate
557 2661 593 2693 in
620 2662 707 2694 mari
731 2667 853 2695 coorta
877 2661 1044 2695 fluctuum
1071 2661 1219 2695 aliorum
1245 2671 1352 2704 super
1377 2659 1466 2695 alios
1492 2665 1781 2696 coacervatorum

323 2706 505 2751 cumulus,
541 2709 590 2742 ita
628 2709 730 2743 etiam
766 2708 823 2743 hic
871 2708 963 2743 aliae
1005 2719 1113 2755 super
1146 2708 1233 2744 alias
1273 2708 1391 2750 clades
1429 2708 1604 2745 accidunt.
1662 2713 1781 2755 atque,
