1728 3146
314 155 612 200 uis'romAE
651 153 1010 198 ΒΥΖΛΝΤΙΝΑΕΔ
1036 155 1168 197 xxn.
1214 144 1265 197 3.
1512 153 1541 198 5

70 270 206 314 λέκειν
234 265 509 320 ποιούμενος·
569 264 627 315 ὥς
656 266 732 307 νῦν
761 278 807 318 γε
848 264 923 305 καί
948 263 1008 321 τῷ
1041 263 1114 318 τῆς
1142 259 1295 318 ἡδονῆς
1326 261 1546 318 ᾧπερβάλ-

69 325 184 382 λοντι
212 331 448 380 κινδυνεύω
496 334 634 376 δοκεῖν
676 330 939 375 ἐκλαθέσθαι
968 347 1056 381 πως
1089 333 1164 373 καί
1199 331 1412 384 ἐμαυτοῦ,
1442 332 1544 385 μηδ’

70 392 260 460 οῗκριβῶς
300 403 460 446 εἰδέναι
497 397 578 443 εἴτε
614 400 897 447 καθεύδοντος
943 397 990 441 τὸ
1038 398 1235 440 τοσοῦτον
1280 398 1428 452 χρῆμα
1469 398 1546 453 τῆς

68 468 220 528 ἧδονῆς
247 472 531 526 περιγίνεται,
570 466 652 510 εἴτε
692 465 948 523 ἐγρηγορότι.
1026 459 1136 508 οὕτω
1167 480 1241 518 μοι
1273 465 1465 521 σφοδρὸν
1496 462 1542 506 τὸ

33 535 210 588 „andan
237 537 312 580 καὶ
336 538 533 586 ἐπιεικῶς
563 531 717 577 ἄτοπον
740 536 985 577 ἐνέστακται
1015 535 1067 591 τῇ
1097 535 1235 590 ψυχῇ,
1271 535 1345 574 καί
1366 533 1545 586 μοίμα..

71 607 156 664 κρῷ
183 605 268 650 τινί
293 605 461 663 βέλτιον
492 597 603 645 εἶναι
631 604 770 653 δοκεῖ,
803 599 943 651 πάσας
970 600 1043 650 τὰς
1073 602 1175 649 τέως
1202 597 1368 653 μακρὰς
1397 599 1547 654 περιό-

71 674 171 724 δους
197 673 272 728 γῆς
301 670 376 713 καί
392 670 604 726 θαλάττης
636 668 854 726 ἆφεμένῳ,
896 671 969 711 καί
995 666 1070 719 τοῖς
1098 664 1234 717 οὕτως
1260 666 1547 721 οἷτεκμοὶρτους

67 738 229 789 πλάνας
269 739 346 782 τοῦ
380 738 504 792 βιόυ,
535 736 586 778 αἴ
606 751 660 788 με
691 738 860 791 μακροῦ
891 733 1001 784 τινὸς
1043 735 1346 790 περιαντλοῦσι
1384 734 1546 789 χρόνου

67 805 251 862 μόχθοις
288 803 510 861 ἀνηνύτοις
539 801 795 858 λατρεύοντα
813 838 823 854 ,
851 805 926 844 νῦν
958 804 1167 844 ἐνταυθοῖ
1173 837 1185 855 ,
1228 802 1441 854 σεβασμιά
1470 815 1545 854 μοι

7 871 250 931 1οκεφαλή,
280 869 398 927 παρὰ
416 869 518 921 τούς
551 870 688 919 πόδας
716 868 815 919 τούς
836 868 938 919 σούς
962 867 1034 934 τὸν
1055 871 1329 923 ταλαίπωρον
1355 867 1543 923 κάμψειν

68 941 201 996 βίον.”
255 936 389 982 πολλοὶ
419 954 466 981 τε
495 933 571 980 οὖν
600 935 761 980 ἐκείνου
791 937 965 979 τοιοῦτα
1000 938 1211 992 λέγοντος,
1243 935 1317 977 καί
1347 933 1438 988 ἅμα
1470 937 1545 977 δα-

67 1006 210 1065 κρύων
232 1004 571 1063 α’ναρρηγνύντος
600 1006 645 1058 ἐξ
664 1003 904 1062 ὀφθαλμῶν
924 1006 1099 1063 ῥύακας,
1132 1006 1405 1059 α’τενέστερον
1426 1002 1542 1058 κοῖγώ

66 1073 142 1127 τοὶς
173 1069 298 1130 ὄψεις
336 1071 673 1130 ἀπερεισάμενος
719 1075 762 1123 ἐς
789 1071 946 1128 αὐτόν,
991 1073 1132 1128 ἠρέμα
1171 1072 1244 1115 καί
1285 1072 1376 1112 κατ’
1409 1071 1545 1124 ὀλίγον

67 1140 460 1203 ἄναγνωρισμάτων
488 1138 708 1196 ἴχνηιτινὰ
740 1143 960 1194 συνέλεγον
990 1135 1071 1196 ἤδη
1109 1143 1180 1182 καί
1220 1138 1346 1187 αὐτὸς
1378 1139 1437 1187 εἰς
1467 1137 1545 1193 τὴν

13 1210 256 1264 15έμαυτοῦ
286 1208 503 1261 διάνοιαν,
545 1204 654 1250 ὥστε
685 1210 759 1250 καί
785 1210 935 1259 τελέως
967 1203 1083 1257 ὅστις
1122 1206 1186 1263 εἴη
1217 1206 1426 1261 ἀναγνοὺς
1459 1205 1542 1259 ὀψὲ

69 1277 266 1333 δακρύων
309 1275 382 1319 καί
423 1273 552 1325 αὐτὸς
581 1272 851 1331 έπεπλὴσμην
889 1275 990 1325 τούς
1027 1274 1310 1330 ὀφθαλμούς,
1355 1272 1545 1326 ξυμμιγῆ

69 1360 157 1394 πως
191 1345 250 1401 τῷ
291 1345 491 1386 λυποῦντι
527 1342 602 1399 τὴν
630 1346 786 1398 τέρψιν
822 1343 1136 1399 καρπούμενος·
1211 1346 1334 1399 φιλεῖ
1354 1338 1434 1396 γὰρ
1467 1340 1544 1381 κᾶκ

68 1413 142 1467 τῆς
173 1411 323 1467 ἡδονῆς
354 1409 487 1453 ἐνίοτε
527 1409 690 1466 θερμὸν
730 1410 1086 1467 α’ναρρήγνυσθαι
1129 1410 1332 1466 δάκρυον,
1362 1410 1440 1451 τοῦ
1469 1410 1543 1462 τῆς

69 1472 262 1532 οἷθυμιάς
291 1481 452 1521 καπνοῦ
484 1479 768 1531 διαλυομένου
794 1494 839 1519 τε
870 1478 943 1520 καί
959 1479 1209 1531 αἰθουμένου
1238 1479 1287 1536 τῇ
1317 1479 1390 1533 τῆς
1422 1479 1547 1519 ἐναν-

2 1544 162 1595 -Ξθτίας
194 1546 318 1598 ἕξεως
363 1547 644 1605 α’ντιπαθείᾳ,
683 1543 879 1600 καθάπερ
917 1544 987 1588 διὰ
1035 1543 1234 1600 σωλήνων
1273 1547 1357 1587 τῶν
1402 1539 1544 1598 ὄψεων
1559 1552 1584 1587 f.
1612 1552 1694 1588 96a

69 1614 101 1639 ‘⁴
133 1613 207 1668 τῆς
238 1612 408 1670 φύσεως
439 1613 516 1670 τὴν
547 1610 686 1669 ἅλμην
718 1611 918 1668 κενούσης
959 1613 1030 1670 τῆς
1062 1611 1224 1669 λύπης,
1266 1612 1338 1654 καί
1376 1610 1420 1654 τὸ
1463 1611 1546 1666 βοί-

69 1695 142 1736 ρος
183 1676 571 1737 οἷποτινασσομένης
612 1683 745 1724 έκεῖνο
774 1679 967 1736 καθάπερ
1008 1680 1125 1730 τινάς
1162 1679 1316 1729 νόθους
1356 1678 1429 1721 καί
1461 1695 1546 1720 πα-

71 1746 359 1804 ρεγγράπτους
388 1750 521 1805 κῆρας
551 1748 624 1791 καί
654 1747 820 1804 νόσημα
846 1747 979 1805 ἔπηλυ
1020 1750 1246 1804 λογισμῶν.
1306 1742 1356 1803 ἦν
1387 1762 1431 1802 γε
1462 1747 1547 1802 μὴν

70 1971 141 2006 que
170 1959 345 2001 omnibus,
375 1969 468 2004 quae
495 1964 579 1993 sunt
602 1959 639 1992 in
666 1959 740 1993 vita
769 1959 909 2001 dulcia,
936 1969 1077 2003 semper
1105 1960 1280 2003 potiorem
1306 1959 1426 2001 habui,
1454 1960 1543 1993 adeo

70 2014 110 2042 ut
136 2018 232 2042 nunc
259 2017 346 2052 prae
373 2007 481 2041 nimia
511 2012 618 2051 atque
646 2007 833 2041 immodica
858 2007 1043 2051 voluptate
1068 2009 1137 2040 mei
1163 2008 1274 2051 ipsius
1302 2017 1414 2051 prope
1449 2007 1547 2041 obli-

70 2061 127 2090 tus
156 2066 236 2090 esse
265 2055 412 2097 videar,
438 2065 556 2100 neque
591 2056 677 2089 satis
709 2060 808 2089 certo
846 2055 953 2089 sciam
993 2066 1075 2088 num
1106 2055 1285 2089 dormiens
1320 2066 1363 2088 an
1390 2055 1546 2100 vigilans

71 2105 242 2137 immensa
268 2102 336 2136 hac
362 2102 549 2147 voluptate
579 2103 784 2147 perfundar.
837 2108 904 2136 tam
931 2103 1125 2136 vehemens
1157 2104 1248 2136 enim
1275 2109 1417 2148 tamque
1438 2114 1545 2147 pror-

71 2161 131 2185 sus
160 2150 307 2184 insolita
331 2151 524 2185 commotio
554 2151 686 2185 invasit
715 2153 882 2193 animum,
912 2156 950 2184 ut
973 2150 1083 2184 multo
1110 2151 1194 2184 mihi
1223 2151 1351 2184 melius
1382 2152 1546 2185 videatur

71 2197 234 2232 omnibus
261 2197 335 2232 illis
370 2198 489 2244 longis
522 2204 639 2232 terrae
675 2200 854 2243 marisque
883 2198 1072 2232 itineribus
1103 2204 1138 2232 et
1169 2204 1238 2231 tam
1267 2200 1414 2233 incertis
1450 2200 1548 2234 vitae

15 2269 44 2280 ,ι
72 2245 252 2280 erroribus
289 2246 455 2289 omissis,
502 2247 562 2291 qui
599 2257 655 2279 me
692 2246 837 2291 longum
867 2257 931 2290 per
978 2252 1115 2290 tempus
1156 2246 1330 2280 molestiis
1363 2247 1547 2291 perpetuis

72 2293 280 2337 obruerunt,
309 2304 405 2327 nunc
431 2294 502 2336 hic,
530 2305 550 2327 o
580 2295 821 2328 venerandum
846 2294 933 2327 mihi
960 2300 1086 2338 caput,
1114 2296 1157 2329 ad
1185 2295 1295 2338 pedes
1326 2300 1404 2328 tuos
1434 2295 1547 2329 mise-

73 2352 146 2376 ram
169 2341 272 2376 finire
298 2342 441 2375 vitam.“
492 2342 602 2376 multa
631 2343 742 2386 igitur
772 2343 944 2376 eiusmodi
972 2353 1076 2387 quum
1092 2343 1157 2376 ille
1187 2353 1314 2387 magna
1326 2343 1549 2376 lacrimarum

73 2391 110 2424 vi
133 2399 178 2423 ex
206 2389 322 2423 oculis
348 2396 603 2434 prorumpente
631 2391 780 2431 diceret,
803 2399 871 2435 ego
902 2400 1044 2435 quoque
1061 2392 1229 2424 attentius
1258 2391 1294 2422 in
1326 2402 1404 2424 eum
1431 2390 1548 2424 oculis

73 2437 199 2471 defixis
227 2437 359 2471 sensim
384 2437 627 2483 paulatimque
654 2442 828 2479 notarum,
855 2438 981 2481 quibus
1012 2448 1091 2471 eum
1117 2448 1364 2482 agnoscerem,
1394 2439 1548 2482 vestigia

73 2485 243 2529 quaedam
268 2485 304 2518 in
331 2485 446 2519 animo
474 2485 702 2530 colligebam,
734 2491 769 2518 et
786 2490 1014 2529 posteaquam
1028 2485 1147 2529 plane,
1179 2486 1319 2530 quinam
1347 2492 1454 2527 esset,
1466 2491 1548 2519 tan..

72 2533 152 2567 (lem
181 2533 351 2577 cognovi,
382 2533 486 2566 etiam
506 2535 584 2577 ipse
615 2533 770 2566 lacrimis
794 2532 968 2576 implebar
998 2533 1241 2566 oblectatione
1271 2533 1418 2567 affectus
1445 2544 1546 2567 mae-

73 2589 155 2614 rore
192 2585 402 2624 temperato.
469 2580 564 2615 solet
601 2582 693 2615 enim
731 2581 835 2614 etiam
878 2591 922 2614 ex
960 2580 1145 2624 voluptate
1178 2581 1350 2614 interdum
1394 2581 1547 2626 flagrans

75 2637 262 2672 erumpere
286 2627 455 2671 lacrima,
491 2639 597 2673 quum
627 2629 803 2662 contraria
828 2629 934 2662 animi
970 2629 1178 2662 affectionis
1209 2629 1243 2662 vi
1283 2630 1543 2673 aegritudinem

73 2674 268 2719 dissipante
296 2681 402 2720 atque
430 2677 664 2721 propulsante
688 2683 813 2710 natura
843 2677 941 2720 quasi
967 2687 1030 2719 per
1058 2676 1229 2709 foramina
1254 2677 1438 2710 oculorum
1460 2677 1547 2710 tris-

75 2722 175 2755 titiae
203 2722 420 2768 salsuginem
455 2724 642 2758 exhauriat
671 2731 706 2758 et
741 2735 852 2769 grave
880 2725 947 2757 hoc
973 2734 1061 2759 onus
1090 2729 1254 2769 tanquam
1284 2724 1411 2758 nothas
1440 2730 1546 2769 atque

81 2769 298 2814 perniciales
326 2777 460 2816 pestes,
492 2783 583 2817 quae
612 2773 834 2817 irrepserint,
865 2772 1094 2819 morbumque
1117 2773 1224 2807 animi
1249 2773 1486 2807 adventicium
1513 2775 1547 2806 et
