1852 3138
33 0 241 84 {vs-zrwi
256 0 259 2 ·
278 0 289 9 ι·

115 22 121 30 ,
203 27 205 29 .
220 21 234 31 k-
262 23 263 26 η
290 24 293 25 ⁷

43 82 53 91 .-

232 180 531 247 msjromffl
567 172 915 260 namnum
939 173 1378 231 xxx11.20-23.
1481 184 1579 234 389

51 339 53 342 ,
106 291 238 348 πολλή
267 307 331 343 τις
363 293 438 334 καί
466 292 726 345 α’τέκματρος
758 295 965 336 ἐνταυθοῖ
989 296 1263 349 περικέχυται
1294 294 1468 350 ἀπορία,
1500 296 1582 352 οὐχ
1597 301 1623 336 f.
1639 300 1708 338 159
1721 311 1758 339 v.

106 355 245 402 ὅπλων
283 359 589 415 ἀντιρρητικῶν
630 360 818 419 ἀπουσίᾳ
865 362 1020 417 (μυρία
1066 359 1148 416 γὰρ
1188 362 1291 417 ἡμῖν
1336 360 1581 419 οἷμυντήρια

106 426 328 483 πρόκειται
373 426 449 483 τὴν
487 430 565 470 τοῦ
610 427 736 484 λόγου
775 427 1010 472 κατάλυσιν
1052 429 1420 487 ὑπισχνούμενα)·
1489 431 1583 473 ἄλλ’

107 491 250 550 ἐπειδὴ
299 492 346 538 τὸ
393 497 551 549 γνῶναι
590 493 720 549 νόμον
759 500 908 552 κυριόυ
955 499 1146 546 διανοίας
1189 499 1305 541 ε’στίν
1335 500 1514 554 α’γαθῆς,
1546 493 1583 556 ᾧ

70 561 272 612 5ιιοῖντως
300 559 472 605 διάνοια
501 563 581 615 μὲν
610 558 760 618 ἥκιστα
789 564 1013 618 πρόσεστιν
1043 564 1207 620 ἀγαθή,
1245 565 1384 620 μακροὶ
1422 567 1460 607 δ’
1491 566 1583 609 α’ω-

105 631 179 686 ρία
207 631 294 672 τῶν
335 627 471 672 mito&
499 632 713 684 λογισμῶν
742 637 1011 686 κατορχεῖται
1030 664 1041 682 ,
1080 629 1234 675 τούτου
1280 632 1407 686 νόμος
1437 630 1581 684 mid-sic

105 695 206 739 οὐδὲ
252 697 429 739 παιδεία
464 695 616 752 κυριόυ
664 701 923 742 καθικέσθαι
965 698 1192 754 δυνήσεται
1230 703 1344 744 ποτέ.
1426 704 1467 746 εἰ
1495 701 1578 758 γάρ

40 763 46 766 “
104 762 210 806 κατὰ
253 765 333 817 μὲν
378 762 451 820 τήν
499 763 654 821 νοεράν
694 764 839 821 ψυχὴν
869 766 1082 821 λεγόμεθα
1123 762 1368 826 ἅνθρωποι,
1413 771 1502 821 ζῶα
1534 771 1581 812 δὲ

104 828 208 874 κατὰ
236 829 314 887 τὴν
343 831 624 888 αἰσθητικήν,
662 835 735 874 καί
779 832 882 887 πρός
912 849 958 888 γε
990 836 1124 886 ζῶντα
1155 835 1259 878 κατά
1293 836 1371 892 τήν
1402 840 1583 892 θρεπτι-

46 898 194 952 mauja,
222 891 260 957 ᾧ
287 897 348 954 μὴ
381 897 486 942 κατὰ
512 898 614 950 ’τούς
642 902 714 956 τῆς
744 902 893 955 νοερᾶς
929 902 1077 957 ψυχῆς
1105 902 1282 953 κανόνας
1327 903 1398 946 καί
1426 902 1582 958 νόμους

102 966 308 1021 ἐξεγένετο
336 968 435 1022 ζῆν,
474 964 555 1022 ε’γῶ
596 970 676 1021 μὲν
721 970 797 1009 ου”κ
846 964 897 1010 ἂν
923 966 1084 1022 εἴποιμι
1123 970 1207 1012 τίνι
1246 973 1396 1013 τοῦτον
1441 969 1581 1030 κλήρῳ

101 1035 447 1090 προσνεμηθῆναι
473 1034 629 1090 χρεών,
652 1038 802 1090 λεγέτω
825 1037 864 1078 δ’
890 1033 1004 1086 ὅστις
1030 1037 1082 1079 ου’
1104 1035 1307 1094 ῥάθυμον
1330 1036 1419 1093 ἔχει
1444 1040 1583 1093 γλῶτ-

101 1115 180 1143 ταν
201 1099 519 1156 ἀποφαντικοῦς
547 1100 648 1157 περὶ
674 1104 757 1144 τῶν
784 1102 895 1145 πάνυ
924 1101 1150 1158 προδήλων
1180 1102 1478 1147 α’ποδισκεόειν
1510 1104 1586 1146 λό-

100 1183 214 1224 γους.
274 1163 373 1210 ὥστ’
405 1169 446 1212 εἶ
473 1167 603 1223 κᾶμοί
632 1169 835 1226 φορτικόν
874 1187 914 1213 τι
942 1173 1061 1214 δοκεῖ
1098 1174 1171 1214 καί
1208 1171 1381 1228 σφόδρα
1410 1167 1604 1224 τίνα’ξιον

11 1272 12 1277 ,
45 1240 90 1276 15
102 1239 266 1290 θρασεῖ’
287 1235 361 1279 καί
375 1239 528 1295 νωθρῷ
554 1236 632 1293 τήν
654 1235 847 1280 διάνοιαν
868 1240 1096 1293 α’ντιλέγειν
1115 1240 1252 1296 α’νδρί,
1283 1239 1423 1291 οὐδέν,
1447 1236 1582 1293 οἶμαι,

101 1301 248 1346 καινόν
277 1302 369 1346 οὐδ’
398 1304 643 1348 ἐκστατικὸν
673 1310 748 1348 τοῦ
768 1304 1025 1361 καθήκοντος
1046 1306 1111 1363 εἴη
1142 1302 1208 1361 dlv,
1239 1306 1344 1351 α’λλὰ
1375 1306 1448 1350 καί
1474 1307 1584 1365 σφό-

101 1371 186 1425 δρα
215 1373 302 1413 τῶν
332 1371 630 1428 προσηκόντων
661 1370 769 1429 ὅρων
802 1372 931 1424 ἐντός.

225 1435 276 1483 Ὁ
301 1441 382 1493 μὲν
412 1435 486 1482 οὖν
515 1442 737 1497 Γρηγορᾶς
764 1443 943 1484 τοιαῦτα
973 1441 1102 1485 εἰπών
1133 1444 1206 1485 καί
1234 1443 1394 1486 οὑτωσὶ
1429 1459 1668 1499 neom-28

64 1518 67 1521 ’
101 1507 387 1561 μιασᾰμενος,
431 1506 576 1550 ἔπειτα
614 1507 808 1563 μακροὺς
851 1510 924 1551 ἐπί
951 1511 1118 1560 τούτοις
1164 1511 1359 1565 διεξῆλθε
1406 1509 1579 1566 λόγους,

44 1574 289 1628 ἳθέλέγχων
315 1575 395 1628 μὲν
421 1574 472 1616 τὰ
503 1573 761 1630 φρυγανιόδη
790 1578 863 1617 καί
895 1579 968 1618 νέα
995 1579 1078 1619 τῶν
1108 1579 1344 1620 α’ντιθέτων
1374 1575 1581 1632 δόγματα,

103 1641 180 1682 καί
215 1645 307 1691 ταῖς
336 1641 668 1697 α’ναμφιλέκτοις
705 1643 946 1693 ἀποδείξεσι
986 1641 1156 1697 βάλλων
1197 1642 1304 1686 κατὰ
1337 1645 1493 1686 σκοπὸν
1523 1642 1580 1695 ὥς

105 1705 189 1749 α’πό
219 1706 428 1750 εὕκύκλου
455 1708 578 1759 τόξου
622 1707 696 1751 καί
723 1711 919 1765 στερροῦ,
951 1710 1214 1766 ὑπερμαχῶν
1259 1712 1306 1753 δὲ
1335 1713 1420 1753 τῶν
1449 1713 1579 1754 θείων

94 1776 178 1830 τῆς
214 1775 437 1831 ἐκκλησίας
473 1776 699 1831 δογμάτων
718 1808 733 1828 ,
774 1776 848 1819 καί
884 1774 975 1820 ὅσοι
1011 1779 1134 1822 ταυτί
1174 1779 1311 1828 καλῶς
1350 1781 1579 1821 συνέθεντο

100 2009 176 2043 nita
201 2019 278 2044 sum
305 2008 343 2043 in
372 2007 518 2043 consilii
544 2009 689 2054 inopia,
722 2018 794 2043 non
823 2019 865 2043 ae
893 2008 922 2043 si
949 2019 1044 2043 arma
1067 2019 1124 2043 me
1149 2008 1337 2044 deficiant:
1363 2019 1442 2045 nam
1466 2010 1578 2045 innu-

101 2067 199 2092 mera
224 2055 312 2090 mihi
341 2055 543 2090 adiumenta
581 2062 663 2091 sunt
689 2056 816 2102 quibus
855 2056 958 2091 huius
1000 2066 1200 2090 sermonem
1244 2056 1383 2091 diluere
1421 2059 1579 2102 possim:

101 2105 166 2139 sed
191 2103 286 2150 quod
321 2114 428 2149 quum
465 2103 581 2138 bonae
608 2104 804 2138 voluntatis
837 2105 884 2138 sit
920 2104 1022 2149 leges
1053 2104 1185 2138 domini
1218 2105 1331 2138 nostri
1368 2115 1580 2150 agnoscere,

104 2153 162 2187 cui
188 2151 333 2186 omnino
358 2151 452 2186 bona
479 2151 648 2186 voluntas
675 2153 776 2186 deest
803 2157 838 2185 et
862 2154 991 2186 mentis
1016 2155 1343 2196 argumentationes
1370 2163 1484 2187 vanae
1510 2152 1581 2186 huc

103 2199 193 2234 illuc
220 2204 409 2244 vagantur,
435 2198 530 2233 hunc
558 2199 618 2233 lex
645 2199 746 2233 nulla
773 2210 893 2244 nequo
917 2199 1078 2233 doctrina
1114 2199 1246 2233 domini
1272 2210 1425 2244 unquam
1451 2210 1580 2234 move..

103 2247 168 2282 bit.
218 2248 249 2281 si
275 2256 363 2281 vero
390 2248 483 2292 quod
512 2247 620 2281 animi
656 2249 794 2282 ratione
821 2247 973 2292 praediti
1012 2257 1131 2280 sumus
1158 2247 1319 2281 homines
1344 2248 1578 2290 nominamur,

105 2294 199 2341 quod
224 2305 350 2328 sensus
381 2293 551 2329 habemus
586 2295 775 2336 animalia3
808 2300 955 2339 propter
990 2294 1136 2328 vivendi
1162 2295 1337 2329 rationem
1363 2296 1578 2329 animantia:

105 2343 163 2377 cui
189 2342 381 2376 secundum
418 2343 546 2376 mentis
587 2344 760 2377 rationem
798 2353 840 2377 ac
867 2347 1058 2386 praecepta
1099 2342 1226 2376 vivere
1264 2352 1337 2376 non
1374 2343 1579 2388 contigerit,

107 2401 186 2425 eum
212 2390 350 2424 cuinam
377 2389 484 2424 classi
510 2391 736 2425 adnumerem
763 2400 908 2434 prorsus
942 2390 1079 2423 nescio.
1141 2390 1203 2423 sed
1232 2390 1381 2434 incipiat
1414 2391 1472 2424 cui
1506 2400 1578 2424 non

106 2437 292 2482 impudens
319 2442 374 2471 est
398 2437 523 2483 lingua
550 2443 688 2472 certare
715 2438 757 2472 de
782 2437 887 2472 rebus
907 2443 961 2472 sat
986 2437 1208 2471 manifestis:
1238 2437 1331 2482 quod
1358 2448 1425 2483 ego
1453 2449 1579 2482 quam-

106 2495 210 2530 quam
237 2484 425 2519 molestum
459 2485 545 2519 mihi
572 2486 713 2520 videtur
748 2490 783 2520 et
817 2485 923 2519 valde
947 2485 1129 2530 indignum
1168 2486 1247 2518 viro
1277 2486 1420 2529 procaci
1448 2491 1484 2519 et
1510 2496 1578 2519 ve-

107 2533 208 2567 cordi
233 2533 469 2578 impugnare,
507 2538 625 2567 tamen
660 2543 731 2567 non
763 2543 891 2567 vanum
919 2533 1104 2575 existimo,
1131 2543 1249 2577 neque
1279 2538 1378 2566 extra
1404 2532 1492 2567 fines
1518 2533 1578 2566 iu-

108 2585 182 2615 stoa
208 2581 451 2623 constitutum,
477 2581 539 2615 sed
563 2582 655 2615 intra
684 2581 772 2615 fines
800 2581 876 2615 eius
905 2580 998 2625 quod
1025 2580 1191 2614 decorum
1219 2583 1284 2614 est.

243 2644 420 2690 Gregoras
445 2650 562 2679 autem
589 2656 694 2690 quum
723 2645 811 2678 haec
839 2645 989 2678 dixisset
1020 2649 1055 2678 et
1088 2645 1140 2678 sic
1162 2643 1378 2688 prolusisset
1404 2644 1576 2690 quodam-

106 2693 213 2727 modo
239 2691 368 2726 deinde
396 2691 523 2738 longas
552 2692 607 2726 his
629 2694 810 2727 orationes
827 2692 960 2726 addidit
984 2691 1255 2736 deprehendens
1269 2702 1361 2726 vana
1388 2697 1423 2726 et
1447 2692 1577 2726 incon..

109 2740 182 2775 dita
204 2739 489 2774 adversariorum
514 2739 691 2786 dogmata.
741 2741 837 2773 misit
861 2744 977 2773 autem
1003 2744 1209 2784 argumenta
1234 2749 1379 2784 prorsus
1418 2740 1578 2774 invinci-

109 2787 199 2823 bilia
223 2787 260 2822 in
286 2797 430 2832 scopum
461 2792 626 2834 tanquam
651 2788 695 2824 ab
721 2796 805 2823 arcu
829 2787 923 2823 hene
940 2792 1089 2823 curvato
1114 2792 1151 2823 et
1169 2786 1300 2830 solido,
1324 2797 1486 2833 pugnans
1512 2797 1577 2834 pro
