1826 3120
239 147 550 228 ‘msromffl
581 180 929 225 BYzANTmAE
963 179 1110 222 xxix.
1146 166 1400 222 56—59.
1493 171 1590 219 265

94 292 317 360 Παλαμᾷ
339 292 599 349 προσέκειτο,
619 293 692 333 καί
706 291 986 345 ἀντέπραττεν
1005 305 1061 339 ως
1088 287 1139 332 τά
1171 287 1304 330 πολλὰ
1337 287 1386 346 τῇ
1412 288 1492 329 τοῦ
1513 302 1594 329 συ-

119 359 247 416 ζυγου
278 356 425 417 γνώμῃ
443 356 550 414 πρὸς
590 354 670 401 ὅσα
691 361 743 416 τῇ
759 361 961 416 θρησκεία
981 357 1202 400 συντείνει.
1235 351 1330 412 ἄρτι
1351 371 1396 410 γε
1413 352 1499 410 μὴν
1515 353 1592 409 τὴν

117 426 334 483 βασίλειον
355 423 491 482 αὖλήν
520 427 694 469 εισιόντι
717 442 792 479 μοι
819 426 893 468 καί
906 425 1163 479 Παλαμᾶν’
1144 429 1234 467 εκεῖ
1250 422 1356 479 πρὸς
1389 423 1593 472 διαλέξεις

118 492 301 552 ἔφεδρον
333 488 442 536 εἶναι
479 496 884 549 μαθεῖνγὲξεγένετο.
946 488 1059 534 οὕτω
1094 494 1130 533 δ’
1168 491 1310 547 ἔχοντί
1332 506 1408 545 μοι
1434 491 1595 548 ταῖν-ἐκ
1635 519 1639 523 -

42 591 48 611 ;
85 562 310 619 δκεφαλῆς
339 558 586 616 ἀλγηδόνων
617 559 698 614 ἔτι,
730 564 803 603 καί
832 557 964 610 οὕτως
991 560 1319 614 α’προσδοκήτως
1350 560 1634 615 ἐμπεπηδη-ῖ.
1654 560 1720 597 131
1737 568 1775 597 v.

120 627 239 679 κότος
267 642 342 680 μοι
369 629 447 670 τοῦ·
476 624 652 682 ἀγῶνος,
685 630 852 684 πρῶτον
879 629 958 681 μὲν
989 626 1103 677 ἔδοξε
1122 629 1289 681 βέλτιον
1321 624 1464 669 οἴκαδε
1493 627 1598 674 τέως

120 696 339 739 ἐπανιέναι
365 709 440 751 με,
478 693 612 750 μικροὶ
646 698 727 737 τῶν
762 697 1128 751 μεμηχανημένων
1164 691 1460 749 προσκλήσεων
1489 693 1600 735 ἐκεί-

63 815 73 823 ,
119 758 205 806 νων
234 763 513 819 φροντίσαντι
534 777 545 789 ·
588 763 670 804 ’ἵνα
702 764 739 804 δ’
770 756 843 804 οὖν
873 761 932 817 μη
977 762 1138 809 δειλίας
1166 759 1372 802 ὑπόνοιαν
1395 766 1482 808 τοῖς
1519 775 1597 816 φι-

121 827 394 885 λοσκώμμοσὶ
426 830 580 883 δῶμεν,
611 828 915 885 ἐπερρώσαμέν
950 845 993 872 τε
1021 823 1151 877 αὖθις
1179 826 1250 870 τόν
1296 828 1495 883 λογισμὸν
1526 829 1597 869 καὶ

65 910 111 948 10
121 895 386 953 ἀνελάβομεν
413 894 611 951 ἑαυτούς,
636 901 723 956 θεῷ
752 897 796 940 τὸ
825 899 907 939 πᾶν
940 899 1252 952 ἐπιτρέψαντες.

261 966 354 1008 Καὶ
383 961 520 1016 οὕτως
549 966 608 1015 εἷς
639 963 772 1007 αὐτόν
802 962 957 1022 εἰσῄειν
985 966 1166 1018 βασιλέα
1200 965 1253 1022 τῇ
1281 980 1323 1006 τε
1361 966 1444 1006 τῶν
1474 959 1596 1019 εὖγε-
1614 972 1689 1006 59

121 1049 204 1077 νων
220 1030 406 1076 συνόντα
427 1034 642 1091 παρουσία
667 1031 739 1074 και
769 1030 860 1085 ἅμα
883 1033 955 1087 τῆς
977 1033 1197 1086 βασιλίδος
1219 1032 1398 1087 Ἑλένης,
1430 1033 1488 1089 τῷ
1522 1032 1600 1074 τοῦ

121 1097 367 1155 συμβάντος
396 1099 554 1158 σχεδίῳ
597 1098 995 1157 παρηκολουθηκώς.
1067 1098 1118 1141 τά
1148 1114 1193 1153 γε
1223 1097 1310 1154 μην
1353 1101 1444 1142 ἐκεῖ
1468 1103 1600 1155 λαλη-

121 1170 277 1228 θέντα,
308 1159 447 1212 οπόσα
480 1170 555 1210 καί
585 1163 667 1222 οἶα,
699 1167 770 1210 καί
804 1163 917 1217 ὅπως
938 1183 957 1208 ο
991 1166 1139 1249 καιρός
1166 1167 1392 1221 ἐσχεδίασε
1424 1185 1474 1208 τ-α
1507 1183 1601 1209 τοι-

64 1244 108 1281 15
121 1238 246 1290 αὕτα,
277 1235 459 1292 δηλώσει
486 1253 537 1279 τα
566 1237 732 1293 ἐφεξῆς.
763 1237 996 1290 γέγραπται
1025 1235 1105 1288 μὲν
1131 1233 1210 1290 γάρ
1236 1251 1309 1288 μοι
1342 1251 1461 1278 ταυτι
1497 1239 1602 1277 λεπ-

119 1307 266 1364 τοτέρᾳ
294 1303 380 1347 τινὶ
405 1303 615 1361 διηγήσει,
645 1305 867 1347 ἑκδέδοται
901 1304 939 1345 δ’
969 1302 1024 1352 ὥς
1058 1305 1101 1354 ἐξ
1126 1301 1273 1358 ἐτέρου
1302 1303 1385 1345 τῶν
1403 1305 1495 1346 ἐκεῖ
1517 1320 1602 1344 πα-

121 1371 286 1428 ρόντων
314 1369 435 1426 ἑνός,
462 1370 570 1428 πρὸς
611 1370 882 1428 ἕρωτήσαντά
911 1388 1005 1414 τινα
1047 1373 1180 1427 δῆθεν
1206 1370 1449 1422 διεξιόντος.
1508 1369 1599 1426 ἔχει

121 1441 169 1484 δὲ
199 1436 392 1483 οὖτωσίν.

22 894 43 925 ,ς

19 930 49 1113 ξ

124 1635 219 1682 patri
245 1634 519 1678 Cantacuzeno,
545 1634 652 1669 valde
694 1634 747 1669 sic
783 1634 887 1668 etiam
914 1632 1073 1667 Palamas
1102 1631 1256 1667 instabat
1290 1637 1326 1666 et
1349 1632 1604 1668 adversabatur

125 1683 339 1730 plerumque
364 1683 530 1727 coniugis
565 1683 766 1717 sententiae
800 1683 837 1716 in
864 1681 1027 1715 omnibus
1061 1681 1190 1723 rebus,
1217 1680 1260 1714 ad
1294 1689 1381 1726 quas
1410 1681 1512 1715 illum
1540 1692 1605 1716 sua

128 1731 239 1766 trahit
265 1731 409 1776 religio.
460 1741 575 1775 nuper
600 1736 718 1764 autem
751 1729 867 1764 aulam
892 1730 1029 1775 regiam
1069 1729 1214 1763 intranti
1252 1728 1338 1762 mihi
1366 1730 1471 1763 etiam
1497 1729 1606 1764 Pala-

128 1789 223 1814 mam
248 1779 299 1814 ibi
324 1779 368 1814 ad
396 1778 656 1823 disputationes
683 1778 919 1813 instituendas
949 1777 1193 1811 considentem
1218 1772 1352 1811 licebat
1376 1777 1513 1812 videre.
1553 1779 1606 1813 sic

133 1832 252 1862 antem
280 1827 367 1861 mihi
394 1827 512 1871 capite
538 1826 715 1861 laboranti
746 1826 851 1860 etiam
882 1830 917 1859 et
943 1836 1050 1882 quum
1076 1829 1145 1859 tam
1164 1825 1374 1868 inopinanti
1398 1825 1606 1869 impeditum

130 1886 189 1910 me
215 1875 410 1910 certamine
439 1875 614 1917 viderem,
644 1875 795 1918 primum
822 1874 963 1918 quidem
1000 1874 1116 1908 visum
1145 1878 1199 1907 est
1225 1874 1334 1908 satius
1362 1884 1441 1907 esse
1467 1873 1605 1908 domum

132 1929 203 1958 tam
229 1922 288 1957 diu
312 1923 445 1967 redire,
472 1922 586 1957 donec
612 1933 750 1956 mecum
775 1926 915 1966 paratas
940 1921 1023 1956 illas
1049 1921 1135 1957 mihi
1162 1922 1409 1955 accusationes
1438 1927 1606 1966 reputas..

133 1981 222 2006 sem.
272 1981 320 2005 ne
346 1971 460 2017 igitur
478 1971 647 2016 ignaviae
680 1971 922 2014 suspicionem
961 1970 1053 2015 apud
1088 1969 1251 2003 homines
1285 1969 1426 2003 dicaces
1462 1969 1606 2004 subire-

133 2028 229 2076 mus,
250 2019 536 2054 confirmavimus
568 2029 690 2054 rursus
716 2018 928 2053 sententiam
968 2023 1124 2052 nostram
1158 2023 1193 2051 et
1216 2018 1419 2062 recepimus
1447 2018 1514 2052 deo
1540 2027 1606 2052 nos

135 2067 254 2102 omnia
279 2067 553 2102 committentes.

266 2132 386 2178 Atque
411 2132 462 2167 ita
486 2132 530 2166 ad
555 2133 669 2177 ipsum
698 2143 820 2178 regem
847 2131 1083 2174 accedebam,
1110 2141 1214 2175 quem
1253 2141 1332 2164 cum
1358 2130 1606 2175 praesentibus

133 2180 318 2215 nobilibus
345 2180 446 2215 viris
464 2186 500 2215 et
525 2180 630 2215 simul
658 2191 735 2213 cum
762 2180 900 2214 Helena
924 2180 1052 2224 regina
1078 2177 1298 2212 offendebam
1327 2178 1606 2222 colloquentem,

88 2254 104 2273 s
134 2233 280 2263 secutus
307 2228 510 2263 certaminis
540 2229 788 2262 temeritatem.
820 2233 855 2261 et
880 2238 971 2272 quae
996 2227 1045 2261 ibi
1063 2227 1239 2271 disputata
1266 2232 1347 2261 sunt
1368 2236 1471 2271 quam
1497 2226 1608 2259 multa

136 2281 172 2310 et
198 2276 319 2322 qualia
348 2282 384 2310 et
409 2277 585 2332 quomodo
613 2282 751 2320 tempus
778 2275 863 2309 talia
889 2274 1193 2319 suppeditaverit,
1226 2274 1420 2308 narrabunt
1447 2284 1488 2307 ea
1516 2284 1608 2318 quae

133 2329 343 2370 sequuntur.
394 2325 630 2369 perscriptum
668 2330 722 2358 est
762 2325 853 2357 enim
889 2334 909 2356 a
935 2334 990 2356 mc
1027 2323 1095 2356 hoc
1136 2323 1220 2355 satis
1254 2323 1353 2356 tenui
1389 2322 1606 2355 narratione.

132 2371 298 2409 traditum
325 2376 380 2406 est
405 2378 522 2407 autem
551 2371 595 2405 ab
621 2371 734 2406 altero
762 2381 833 2405 uno
858 2381 979 2404 eorum
1007 2372 1067 2416 qui
1092 2369 1142 2404 ibi
1165 2369 1352 2404 adfuerant
1371 2369 1607 2414 interroganti

131 2419 270 2454 cuidam
295 2419 357 2454 diu
382 2420 417 2454 id
443 2430 483 2455 se
510 2419 685 2454 facturum
713 2420 956 2464 promittente.
1007 2429 1065 2453 res
1092 2427 1179 2453 vero
1208 2419 1260 2453 sic
1288 2428 1327 2452 se
1354 2417 1472 2451 habet.
