1800 3132
250 125 314 175 64
502 138 510 142 ”
524 150 527 151 ’
647 137 946 182 NICEPHORl
991 135 1297 181 GREGORAE

250 258 355 293 σεως
394 245 429 286 δ’
473 239 522 286 εὖ
566 245 639 287 καί
675 247 882 294 συνέσεως
918 242 1181 300 ἐπεφύκεσαν
1220 243 1413 298 ἔχοντες·
1474 237 1716 287 δι”ὧνκαί
1765 240 1777 290 ἦ

252 310 350 360 τούς
376 312 498 367 σφῶν
525 309 758 367 ε’φειλκὺσω
786 313 944 366 γονέας,
978 310 1050 352 καί
1077 307 1164 364 ἅμα
1186 309 1320 366 φάναι
1352 312 1490 361 πάσας
1520 312 1594 354 καί
1617 309 1712 354 ὄλο-
1772 315 1783 362 [J

254 382 433 435 κλήρους
462 380 594 428 οἰκίας
639 379 830 435 ὀφείλειν
861 381 906 420 τέ
938 393 1005 420 σοι
1031 377 1237 434 χάριτας,
1282 378 1355 420 καί
1388 378 1457 420 σοι’
1489 379 1714 433 προσέχειν
1770 373 1774 378 ’

254 442 334 487 ὅσα
367 447 438 487 καί
463 448 594 499 πατρί
618 444 690 487 καί
716 450 910 500 συγγενεῖ
931 445 1004 486 καί
1032 447 1145 503 φίλῳ
1174 446 1247 486 καί
1260 446 1342 487 τῶν
1372 444 1547 499 πρώτων
1575 445 1714 486 καλῶν
1773 453 1785 505 s

256 509 424 569 ὁδηγῷ,
465 511 536 553 καί
577 515 768 565 γίνεσθαι
809 509 878 552 διά
925 513 1056 553 ταῦτα
1088 526 1156 553 σοι
1198 506 1387 565 τοῦνομα
1413 509 1624 566 γνώριμόν
1669 517 1748 552 τεῦ
1786 511 1788 514 ’

253 579 327 619 καί
349 575 671 632 θαυμαζόμενον
701 576 855 632 σχεδὸν
882 580 1096 635 πανταχῇ,
1133 580 1207 621 καί
1247 580 1410 620 πείθειν
1437 574 1587 627 ἱκανόν
1606 579 1718 621 α’λα-

254 643 392 697 λήτοις
440 643 572 700 φάναι
612 650 797 700 φωναῖς,
845 643 1065 698 ὁμοδοξεῖν
1099 660 1166 686 σοι
1217 644 1486 700 πανταχόθεν
1535 645 1717 694 ἐκείνους

256 707 442 759 ἅπαντας
474 708 659 752 mirri-9⁸22
700 711 969 768 α’βασανίστῳ
1007 715 1314 766 συγκαταθέσει
1352 713 1424 768 τῆς
1451 711 1618 767 γνώμης
1644 711 1718 753 εὖ-

255 776 352 830 θιὶς,
382 778 574 832 καθάπερ
605 775 700 826 τοὺς
730 778 1061 834 Πυθαγορείους
1091 777 1221 820 πάλαι
1253 779 1388 834 φασίν
1417 775 1601 827 ἐκείνους
1630 782 1717 826 τοῖς

257 845 333 883 τοῦ
364 843 623 886 διδασκάλου
655 844 905 900 ψηφίσμασί
934 860 976 886 τε
1021 844 1094 886 καί
1132 844 1350 899 δόγμασιν.
1427 843 1532 886 οἷλλά
1564 843 1638 886 κᾶν
1665 845 1786 900 2516-

257 909 429 967 μεγίστῃ
461 912 559 968 τῇδε
585 913 669 952 τῶν
698 912 859 952 πόλεων
879 910 1031 954 τούσδε
1059 913 1137 965 μὲν
1163 914 1245 954 τῶν
1274 913 1359 954 σῶν
1379 913 1593 967 φοιτητῶν
1620 909 1718 960 τούς
1793 907 1798 910 “

260 976 582 1033 δικαστηρικούς
629 983 798 1030 κοσμεῖν
827 977 899 1019 καί
925 977 1129 1033 διεξάγειν
1161 978 1369 1034 πίνακας,
1410 976 1561 1020 τούσδε
1592 979 1639 1020 δὲ
1666 976 1718 1021 τά

258 1040 538 1098 βουλευτήρια
560 1045 632 1098 τῆς
649 1046 919 1099 συγκλητικῆς
939 1045 1152 1099 ἐργασίας,
1177 1059 1278 1094 τους
1306 1046 1352 1086 δὲ
1371 1059 1448 1093 τας
1469 1040 1721 1100 ὖπερορίους

261 1109 505 1164 πρεσβείας,
532 1126 600 1152 και
631 1126 729 1160 τους
747 1113 825 1163 μὲν
856 1109 978 1166 τήνδε
1008 1126 1106 1161 τους
1124 1112 1170 1153 δὲ
1204 1110 1327 1166 τήνδε
1346 1112 1430 1154 τῶν
1448 1105 1499 1152 ευ
1520 1112 1723 1172 κειμένων

259 1174 415 1225 τάξεων
459 1172 595 1230 ἔχειν,
627 1192 693 1217 και
737 1177 884 1230 χρείαν
933 1179 1116 1232 πληροῦν
1161 1194 1236 1232 την
1264 1178 1481 1233 βελτίστην
1518 1173 1724 1226 ἑκάστους
1738 1183 1781 1218 15

260 1237 514 1295 εκασταχοῦ,
546 1257 603 1291 ως
632 1240 825 1284 εντεῦθεν
849 1242 986 1301 ρᾷστα
1014 1259 1080 1284 και
1111 1242 1185 1294 ξύν
1209 1244 1352 1286 ου’δενι
1379 1241 1493 1300 πόνω
1514 1241 1724 1292 δυνασθαι

262 1309 407 1362 φέρειν
449 1304 659 1361 ἅπαντας,
708 1304 845 1362 ὥσπερ
892 1310 975 1350 dno*
1016 1312 1100 1352 τῶν
1136 1305 1256 1352 ὤτων
1288 1311 1557 1364 δεδεμένους,
1598 1307 1641 1358 ἐς
1678 1307 1724 1350 τὸ

228 1409 233 1415 s
261 1373 390 1427 σοίγε
415 1373 685 1427 βουλόμενον.
719 1376 788 1416 καὶ
818 1371 924 1417 εἶναι
944 1376 1040 1425 τούς
1057 1379 1135 1429 μὲν
1164 1377 1385 1426 πλείστους
1402 1378 1445 1425 ἐς
1475 1376 1518 1419 τὸ
1549 1391 1726 1431 συμφα-

261 1440 328 1487 νὲς
344 1442 539 1497 Παλαμᾷ
558 1443 630 1483 καί
646 1447 730 1491 τοῖς
749 1443 856 1498 ἄμφ’
879 1444 1009 1485 αυ’τὸν
1026 1445 1356 1497 χαλεπαίνοντας
1387 1442 1444 1494 ὥς
1471 1440 1726 1499 πορρωτάτω

262 1520 342 1547 που
373 1507 445 1561 τῆς
474 1507 675 1562 ἀληθείας
717 1511 789 1550 καί
815 1511 896 1551 τῶν
938 1513 1122 1564 πατρίων
1162 1509 1381 1552 ἐλαύνουσι
1411 1510 1631 1564 δογμάτων
1657 1510 1786 1555 naim)

262 1572 413 1630 νόμων,
441 1572 538 1621 wig
566 1576 601 1616 δ’
627 1575 696 1617 ὑπ’
725 1574 878 1617 ὀδόντα
901 1575 1005 1618 κατὰ
1033 1574 1077 1618 τὸ
1102 1577 1277 1632 λεληθὸς
1307 1577 1732 1632 διαλοιδορουμένους

263 1641 400 1696 σφίσι.
431 1643 503 1682 καί
527 1638 669 1691 ἇπλῶς
695 1642 827 1684 εἰπεῖν
859 1645 1128 1699 ἐλλελεῖφθαι
1153 1644 1314 1699 μηδένα
1344 1636 1546 1701 σχεδόνῷ
1570 1642 1630 1697 μὴ
1661 1657 1732 1683 κε-

265 1708 466 1763 κινῆσθαι
492 1710 565 1751 καί
594 1710 887 1752 διασεσεῖσθαι
922 1708 998 1764 τὴν
1023 1706 1191 1766 γνώμην
1224 1708 1497 1767 ξυνερρυήκει
1523 1707 1626 1766 πρὸς
1655 1706 1730 1764 τήν

269 1942 344 1967 rum
372 1932 407 1966 in
431 1938 508 1966 tuas
534 1933 685 1967 traxeris
711 1938 843 1976 partes.
895 1928 1027 1967 idcirco
1053 1939 1145 1968 totas
1171 1934 1302 1968 civium
1328 1933 1482 1967 familias
1507 1931 1574 1967 tibi
1599 1932 1729 1967 debere

271 1980 419 2024 gratiam
444 1979 580 2023 tibique
612 1980 748 2013 referre
779 1980 892 2014 veluti
929 1982 1020 2024 patri
1056 1986 1091 2014 et
1128 1986 1278 2026 cognato
1319 1986 1355 2014 et
1385 1981 1498 2014 amico
1541 1985 1651 2025 atque
1687 1981 1730 2014 ad

271 2028 404 2070 optima
431 2037 592 2071 quaeque
618 2029 804 2070 praeeunti
830 2028 1056 2061 moderatori.
1109 2027 1209 2062 hisce
1239 2027 1344 2061 rebus
1369 2027 1434 2061 tibi
1462 2037 1593 2061 nomen
1627 2026 1729 2060 cele-

269 2074 406 2108 bratum
433 2079 468 2107 et
494 2074 647 2107 omnium
673 2075 749 2107 fere
783 2075 1013 2109 admiratione
1057 2074 1186 2108 elatum
1213 2075 1430 2119 contigisse,
1468 2075 1559 2119 quod
1594 2083 1660 2118 per
1690 2085 1729 2107 se

271 2121 434 2162 sufficiat,
463 2130 583 2154 omnes
609 2121 692 2155 illos
718 2122 854 2163 tacitis,
894 2127 932 2155 ut
956 2124 1006 2155 ita
1031 2123 1166 2164 dicam,
1206 2122 1356 2156 vocibus
1382 2131 1424 2155 co
1452 2122 1654 2163 adducere,
1691 2126 1730 2154 ut

272 2168 365 2201 ultro
391 2173 507 2201 tecum
536 2168 626 2201 idem
651 2170 805 2202 sentiant
830 2169 965 2214 tibique
991 2170 1227 2213 suffragentur
1254 2169 1431 2203 sententia
1455 2179 1519 2203 sua
1542 2178 1613 2202 non
1641 2178 1729 2201 exa-

271 2215 356 2248 mini
382 2215 554 2248 submissa
580 2215 700 2248 eadem
727 2216 875 2257 ratione,
904 2226 972 2260 qua
986 2216 1231 2261 Pythagoreos
1257 2217 1378 2250 dicunt
1405 2215 1491 2249 olim
1521 2216 1558 2249 in
1585 2215 1730 2249 decreta

273 2267 308 2295 et
336 2261 466 2305 placita
506 2264 748 2306 praeceptoris
773 2264 927 2304 iurasse;
962 2269 1067 2307 atque
1107 2264 1259 2296 omnium
1293 2263 1430 2296 urbium
1459 2263 1609 2296 maxima
1649 2267 1729 2296 tuos

272 2309 466 2352 discipulos
493 2309 582 2343 alios
602 2310 803 2343 iudiciarias
820 2310 956 2343 tabulas
976 2321 1103 2344 ornare
1122 2316 1157 2343 et
1176 2311 1435 2351 administrare,
1460 2309 1551 2343 alios
1578 2308 1730 2343 consilia

273 2361 429 2398 senatus,
457 2356 547 2390 alios
573 2355 773 2400 legationes
804 2359 846 2390 ad
874 2363 1012 2391 exteras
1038 2363 1175 2402 gentes,
1204 2358 1345 2390 omnino
1376 2356 1488 2390 alium·
1519 2356 1580 2389 alii
1614 2356 1730 2400 magi-

274 2405 397 2437 stratui
422 2404 553 2447 insigni
580 2413 749 2446 praeesse
776 2410 810 2437 et
836 2415 1120 2449 unumquemque
1148 2414 1267 2437 eorum
1293 2403 1424 2447 ubique
1451 2404 1582 2447 optime
1603 2413 1730 2436 mune-

274 2452 322 2484 ris
349 2451 478 2483 officiis
507 2451 620 2494 fungi,
645 2456 684 2484 ut
710 2451 879 2485 facillime
907 2458 942 2485 et
966 2452 1067 2485 nullo
1097 2452 1245 2495 negotio
1279 2460 1400 2484 omnes
1434 2450 1516 2484 inde
1551 2460 1612 2484 eos
1646 2455 1729 2483 tan..

276 2507 376 2541 quam
404 2508 447 2530 ex
471 2497 612 2530 auribus
638 2499 707 2531 tuis
734 2509 924 2542 suspensos
957 2499 999 2532 ad
1024 2504 1117 2531 tuam
1146 2498 1364 2532 voluntatem
1389 2498 1575 2531 traducere
1600 2497 1728 2541 possis.

276 2554 395 2577 eorum
422 2544 614 2589 plerosque
642 2546 828 2580 manifesto
840 2546 1002 2579 Palamae
1030 2546 1177 2589 eiusque
1202 2543 1437 2578 sectatoribus
1463 2542 1623 2577 infensos
1650 2554 1730 2578 esse

274 2596 313 2623 ut
343 2590 540 2624 hominibus
566 2602 586 2624 a
611 2593 763 2625 veritate
790 2593 985 2637 patriisque
1011 2593 1185 2636 dogmatis
1226 2596 1261 2624 et
1298 2591 1439 2636 legibus
1472 2591 1729 2632 remotissimis,

274 2637 365 2670 alios
401 2639 624 2672 mussitantes
661 2638 862 2672 clanculum
893 2641 937 2673 iis
972 2639 1199 2681 conviciari,
1235 2639 1412 2671 neminem
1454 2638 1529 2671 fere
1573 2638 1729 2682 denique

276 2694 367 2726 esse,
381 2690 419 2718 ut
442 2684 599 2718 breviter
626 2686 750 2728 dicam,
778 2688 838 2730 qui
862 2696 934 2719 non
960 2691 1021 2720 tua
1047 2696 1153 2720 causa
1179 2686 1358 2729 praesenti
1378 2696 1497 2718 rerum
1523 2685 1729 2719 conditione

274 2731 389 2768 animo
415 2737 605 2768 commotus
634 2738 668 2768 et
693 2735 890 2771 concitatus
915 2734 972 2769 sit.
1023 2733 1158 2769 idcireo
1184 2733 1411 2768 metuendum
1438 2743 1531 2778 esse,
1556 2743 1602 2767 ne
1633 2732 1729 2768 civi-
