1826 3120
275 161 338 208 72
679 160 975 207 Nummum
1017 138 1319 203 GREGoRAE

273 275 417 329 φοραί.
473 270 544 314 καὶ
581 271 693 313 τοῦτ’
736 269 795 317 εἷς
826 266 1022 321 α’πειρίας
1059 264 1166 324 ἴδοις
1207 260 1260 307 ἂν
1289 266 1467 308 ἐκτεῖνον
1493 263 1594 314 τούς
1622 263 1726 319 δρό-

270 354 378 394 μους
420 334 608 393 πελάγη,
652 334 797 378 στάσιν
844 333 1013 388 άληθῶς
1050 332 1102 373 οὕ
1145 332 1377 384 δυνάμενον
1423 331 1590 390 ου’δαμῇ
1630 332 1727 374 ποτὲ
1787 335 1795 380 1‘

270 407 462 459 γνώσεως
491 402 618 457 ἔχειν.
696 399 835 442 πᾶσάν
871 414 912 441 τε
940 397 1018 453 γάρ
1057 398 1296 453 ὑπερβαίνει
1339 396 1620 464 σχολαστικὴν
1649 395 1728 439 α’ν-
1790 412 1795 419 ·

269 469 456 526 θρώπων
485 471 628 525 σοφῶν
657 466 856 519 ἐπίνοιαν,
886 468 959 507 καί
986 465 1124 514 πάσας
1154 461 1288 519 ἄρδην
1308 462 1632 520 ἐπιστημονικὰς
1657 465 1731 506 καί

269 534 465 592 τεχνικάς
492 532 704 588 μεθόδους
723 531 886 588 μακρὸν
906 535 978 574 καί
1002 529 1082 587 ἡδύ
1106 549 1147 574 τι
1169 532 1330 590 γελωσῃ
1349 533 1593 587 περιφανῶς
1619 530 1761 574 ὕπο-5

273 606 416 658 τίθησι
447 600 596 658 χλεύῃ.
655 595 679 656 ἦ
711 599 792 655 γάρ
823 595 875 641 ἂν
905 601 997 641 οὐδ’
1018 601 1242 652 ἐλαχίστου
1271 597 1418 654 σφίσιν
1446 596 1533 639 ἔδει
1561 598 1727 652 διερευ-

271 671 347 711 νᾶν
381 664 493 717 ὅστις
537 663 586 709 ἂν
623 666 685 722 εἴη
717 667 830 720 λόγος
870 668 954 708 τῶν
988 667 1060 720 τῆς
1086 666 1231 719 ψυχῆς
1257 661 1501 719 βραβευτῆς
1529 662 1726 720 α’σφαλῆς

270 734 531 790 α’πορρήτων.
606 733 695 774 οὐδ’
746 729 798 775 ἂν
829 734 996 774 ου’δέσιν
1036 731 1122 773 ἔδει
1154 731 1228 772 τοῦ
1261 731 1408 772 λοιποῦ
1452 732 1534 772 τῶν
1571 727 1728 782 ἔξωθεν

268 802 385 855 η’θῶν
417 799 489 841 καί
515 798 766 854 χρωμάτων,
800 800 1034 855 α’φθόγγοις
1062 799 1185 839 ταυτί
1231 801 1391 853 φωναῖς
1426 794 1729 839 οἷναδιδασκόν-

268 883 366 920 των,
397 866 598 921 ἀμυδρῶς
638 869 716 919 μὲν
745 865 945 920 πρότερον
983 864 1235 911 τελεωτικῶς
1271 864 1310 904 δ’
1339 856 1396 904 αὖ
1425 863 1729 918 προχωρούσης
1743 868 1786 912 10

268 936 340 988 τῆς
368 936 557 988 πει’ρας,’
580 933 635 982 αἱς
664 931 963 987 ειῖχερέστερόν
998 946 1084 979 πως
1114 928 1227 983 ἔχειν
1259 925 1339 984 ἤδη
1378 929 1487 971 κα’πι“·
1507 927 1587 979 τάς
1613 928 1730 984 πρώ-

269 1016 344 1049 τας
382 999 517 1048 αἷτιάς
558 1002 631 1041 καί
668 996 891 1053 διαλήψεις
934 994 1044 1046 ὅπως
1078 997 1175 1038 ποτὲ
1212 998 1296 1038 τῶν
1336 997 1408 1050 τῆς
1439 996 1585 1051 ψυχῆς
1610 1011 1730 1051 χρω-

266 1067 408 1119 μάτων
437 1067 510 1107 καί
552 1067 783 1113 διαθέσεων
824 1064 1148 1118 παραπέμπειν,
1193 1063 1301 1104 κάπί
1324 1078 1367 1104 τι
1394 1060 1603 1117 γνώριμον
1631 1062 1730 1117 ἤρε’-

266 1149 328 1185 μα
369 1131 579 1174 καί-κατά
609 1129 759 1186 μικρὸν
788 1131 855 1173 ἀεὶ
892 1131 1121 1186 ἀναφέρειν
1162 1128 1235 1172 τὸν
1269 1131 1341 1184 τῆς
1381 1129 1589 1183 συνεχοῦς
1614 1128 1730 1171 εἶκα-

268 1200 362 1249 σιάς
395 1197 567 1254 εἱρμὸν,
602 1199 674 1240 καί
700 1200 930 1253 ἐπερείδειν
959 1202 1042 1246 τοῖς
1075 1195 1252 1251 πρώτοις
1282 1194 1418 1251 ἴχνεσι
1450 1195 1529 1246 τὰς
1553 1193 1729 1238 κατόπιν
1743 1206 1786 1242 15
1806 1224 1817 1251 3

220 1263 451 1322 ῦέφόδους
479 1267 560 1308 τῶν
594 1267 900 1319 ἀναλογισμῶν.
959 1264 1066 1318 ὁρῶν
1108 1262 1187 1318 γάρ
1231 1263 1288 1313 ὥς
1328 1264 1406 1305 κάκ
1445 1265 1528 1305 τῶν
1568 1262 1730 1305 οἰκείων

269 1333 390 1374 ου’δὲν
431 1333 600 1390 ου’δαμῇ
645 1332 788 1374 οὐδενί
826 1347 925 1374 ποτε
973 1332 1067 1372 οὐδ’
1110 1332 1235 1373 αὐτοί
1262 1346 1307 1385 γε
1340 1328 1729 1385 ἐγκαλλωπίζεσθαι

267 1397 429 1452 ἔχοντες
468 1401 537 1441 ε’πί
576 1400 762 1455 τάφανὲς
803 1397 1118 1455 καταφεύγουσι
1162 1399 1244 1440 τῶν
1289 1397 1484 1453 ὀνείρων,
1525 1401 1611 1444 τοῖς
1651 1393 1728 1446 τοὶς

266 1467 500 1523 τραγῳδίας
530 1467 770 1522 γρα’φουσιν
799 1461 966 1521 ἥκοντες
996 1468 1038 1514 ἐς
1065 1464 1246 1517 ταύτόν,
1272 1460 1334 1515 οἷς
1363 1462 1408 1507 αἱ
1439 1464 1729 1519 καταστροφαὶ

266 1530 339 1573 καί
367 1532 671 1588 ε’σχατιαίᾋτῶν
697 1530 925 1587 δραμάτων
955 1532 1059 1573 θεοῦ
1081 1531 1189 1581 τινὸς
1216 1533 1261 1574 ἐκ
1277 1532 1470 1587 μηχανῆς
1499 1531 1785 1586 προσιδὼν-20

267 1609 351 1649 ται,
381 1595 439 1652 μή
473 1600 719 1650 δυναμένοις
762 1595 921 1655 ῥᾳδίως
963 1600 1136 1650 ψευδῶν
1176 1597 1247 1639 καί
1279 1599 1531 1653 παραλόγων
1568 1594 1729 1651 προτά-

266 1679 374 1706 σεων
406 1663 652 1707 ὕποθέσεων
691 1666 852 1721 ευ’φυὲς
880 1663 1049 1720 ἐπάγειν
1087 1668 1214 1716 τέλος.
1287 1666 1361 1707 καί
1391 1658 1506 1706 οὗτοι
1547 1661 1628 1720 γάρ
1672 1661 1725 1706 τά

1784 719 1802 730 κ

1448 1803 1457 1819 ἱ

225 1887 226 1890 ’
265 1882 505 1916 concitatione
532 1883 682 1916 animum
709 1884 931 1928 impellente.
992 1890 1078 1929 quot
1101 1885 1198 1918 'enim
1234 1889 1315 1919 sunt
1339 1884 1540 1919 hominibus
1566 1887 1726 1929 corporis

266 1929 425 1963 colorum
452 1935 486 1963 et
516 1929 654 1963 habitus
682 1932 906 1973 mutationes,
935 1937 989 1967 tot
1019 1932 1123 1965 etiam
1149 1932 1255 1965 animi
1277 1931 1464 1965 affectuum
1489 1932 1724 1975 differentiae,

265 1986 353 2021 quos
379 1976 415 2009 in
443 1977 617 2010 infinitum
645 1983 679 2010 et
707 1980 911 2011 immensum
942 1979 1082 2012 extendi
1111 1979 1219 2012 facile
1243 1979 1375 2012 videris
1391 2002 1401 2019 ,
1427 1979 1476 2012 ita
1500 1984 1540 2012 ut
1566 1980 1724 2025 cognitio

263 2033 392 2057 revera
419 2033 596 2068 nunquam
625 2031 758 2058 certum
785 2026 957 2069 quendam
982 2031 1107 2059 statum
1122 2026 1283 2059 obtinere
1311 2026 1435 2069 possit.
1487 2037 1529 2060 ea
1552 2037 1610 2060 res
1632 2027 1723 2060 enim

264 2080 401 2103 omnem
427 2071 583 2104 virorum
610 2073 820 2116 sapientium
849 2073 1081 2107 eruditionem
1109 2079 1143 2106 ct
1156 2074 1408 2117 cogitationem
1430 2078 1574 2118 superat
1600 2078 1724 2107 etom-

263 2127 327 2151 nes
356 2118 497 2150 omnino
526 2119 681 2153 rationes
717 2120 898 2152 doctrinae
936 2121 1091 2164 artisque
1117 2119 1234 2153 illudit
1263 2125 1297 2153 et
1328 2125 1493 2165 tanquam
1519 2120 1723 2155 vehementi

264 2169 369 2208 atque
396 2164 490 2197 dulci
516 2166 601 2199 risui
627 2166 813 2200 manifesto
850 2168 1030 2210 supponit.
1098 2166 1189 2201 haud
1221 2167 1385 2200 minimae
1422 2168 1586 2211 profecto
1617 2178 1723 2201 curae

263 2212 308 2244 iis
334 2210 487 2244 debebat
515 2223 606 2255 esse,
635 2214 873 2256 perscrutari,
902 2224 1050 2258 quanam
1082 2214 1220 2247 ratione
1243 2214 1420 2247 reconditi
1456 2215 1562 2248 animi
1596 2219 1721 2249 sensus

265 2262 363 2291 certo
391 2258 574 2292 diiudicari
614 2266 770 2303 possent.
833 2266 905 2294 tum
940 2262 1079 2305 quidem
1115 2261 1247 2294 nemini
1273 2262 1310 2294 in
1337 2261 1489 2295 futurum
1513 2271 1600 2306 opus
1627 2267 1723 2295 esset

252 2305 420 2338 -externis
446 2306 601 2340 moribus
641 2313 675 2340 ct
711 2307 915 2349 coloribus,
950 2309 1009 2352 qui
1042 2309 1156 2342 tacitis
1192 2308 1394 2352 quibusdam
1433 2308 1582 2342 vocibus
1609 2309 1654 2342 de
1679 2309 1723 2342 iis

263 2361 329 2385 nos
357 2352 527 2395 edocent,
554 2354 655 2387 initio
697 2355 835 2398 quidem
861 2360 955 2388 tecte
981 2361 1086 2399 atque
1121 2355 1270 2388 obscure
1295 2360 1472 2398 postremo
1499 2361 1615 2389 autem
1635 2365 1722 2399 pro-

265 2399 414 2432 cedente
454 2399 700 2443 exploratione
740 2402 807 2434 iam
836 2402 974 2436 facilius
1013 2403 1115 2435 etiam
1161 2402 1203 2436 ad
1237 2403 1366 2445 primas
1407 2413 1530 2436 causas
1558 2408 1593 2436 et
1617 2404 1722 2437 insti-

263 2446 419 2479 tutiones
447 2447 604 2480 colorum
633 2455 667 2482 et
705 2449 842 2482 habitus
878 2450 984 2482 animi
1017 2450 1147 2483 ducunt
1185 2455 1290 2494 atque
1318 2450 1447 2483 sensim
1480 2449 1722 2495 paulatimque

266 2493 455 2527 continuae
482 2496 756 2537 comparationis
795 2496 951 2529 ordinem
987 2496 1166 2530 illustrant
1201 2497 1395 2540 primisque
1433 2497 1596 2541 vestigiis
1622 2498 1722 2531 inse-

265 2545 429 2583 quentem
456 2541 743 2576 observationum
768 2554 906 2576 cursum
934 2548 1190 2592 superstruunt.
1242 2544 1284 2577 ad
1309 2544 1443 2577 incerta
1472 2545 1607 2578 somnia
1631 2554 1722 2577 con-

265 2587 403 2630 fugiunt
431 2589 553 2621 eodem
579 2599 688 2632 more,
717 2601 785 2634 quo
806 2591 1065 2635 tragoediarum
1082 2591 1273 2634 scriptores
1298 2592 1334 2623 in
1363 2591 1660 2625 conversionibus
1687 2597 1722 2625 et

265 2634 361 2666 exitu
388 2633 584 2668 fabularum
610 2637 676 2670 deo
702 2638 851 2681 quodam
878 2648 920 2670 ex
945 2637 1106 2670 machina
1132 2647 1220 2681 opus
1247 2637 1398 2679 habent,
1425 2648 1530 2682 quum
1554 2639 1622 2682 ipsi
1647 2647 1721 2672 non

264 2680 371 2713 facile
407 2683 688 2725 propositionum
724 2685 889 2718 falsarum
928 2690 963 2718 et
998 2685 1127 2717 rationi
1161 2694 1233 2718 non
1267 2690 1584 2719 consentanearum
1618 2683 1721 2719 finem

265 2733 382 2772 aptum
408 2729 582 2763 adducere
607 2731 755 2775 possint.
806 2737 911 2776 atque
936 2732 993 2766 isti
1026 2741 1167 2776 quoque
1195 2731 1301 2767 falsas
1339 2743 1383 2766 ex
1408 2733 1552 2767 somniis
1578 2733 1720 2777 praedi-
