1786 3138
273 127 371 179 534
635 131 981 205 “memnoni
1022 131 1331 178 camenas
1388 151 1389 154 =
1473 166 1491 178 .,

274 241 512 292 Κάλλιστος
561 241 814 299 φυγοδικιάς
856 255 902 282 τε
930 240 1086 283 ἐκεῖνον
1133 241 1290 284 ἀπόντα
1330 242 1629 298 καταδικάζει,
1654 244 1728 288 καὶ

269 306 342 351 τὸν
373 307 596 363 ὄμιόνυμον
626 308 953 356 Κάλλιστον·εἷς
980 306 1051 350 τὸν
1079 310 1154 350 τοῦ
1180 309 1357 363 Συμεών
1390 309 1546 366 θρόνον
1571 310 1726 367 ἐκπέμ-

182 382 257 428 10
271 391 340 417 πει
362 375 676 431 χειροτονήσας.
735 372 842 417 οὕτω
869 391 916 430 γε
958 373 1042 430 μὴν
1072 375 1229 432 εὐτυχῆ
1266 376 1339 419 καί
1367 376 1600 430 ταχεῖανιῗ
1630 377 1724 421 δεό-

269 457 389 499 τερος
419 437 536 493 οὗτος
563 441 637 497 τὴν
678 443 720 491 ἐς
745 440 948 485 Ἀλανιάν
985 442 1190 484 ἐπάνοδον
1230 442 1523 499 ποιησάμενος,
1551 444 1625 487 καὶ
1652 443 1723 486 οῧ-

269 504 351 559 τως
396 506 519 551 α’)’νιον
563 510 608 551 ἐκ
653 509 728 550 τοῦ
769 506 924 567 ῥᾴστου
969 507 1044 564 τὴν
1076 510 1150 552 τοῦ
1185 508 1394 566 προτέρου
1427 511 1756 565 διαδεξάμενοςό

272 574 568 631 ἀρχιερατικὴν
589 574 821 629 καθέδραν,
852 575 1011 630 ἀτίμως
1040 576 1202 617 ἐκεῖθεν
1220 575 1423 630 ἐκπέμπει
1446 574 1518 618 τὸν
1532 576 1723 631 Συμεών.

268 659 338 684 και
372 640 417 692 ὃς
447 643 489 692 ἐς
505 642 740 694 Βυζάντιον
769 641 1086 698 ἐπιδεδημηκώς
1114 642 1281 721 περιῃει
1303 641 1460 692 πάντας
1488 642 1723 698 ἐπιβοώμε-

268 723 338 756 νος
363 708 621 757 ἐπισκόπους
647 708 720 749 καί
750 707 1091 764 πρεσβυτέρους,
1138 707 1212 763 τὴν
1242 705 1386 750 ἄδικον
1414 703 1567 770 ἑαυτοῦ
1593 725 1722 751 κατα-

270 774 388 829 δίκην
422 775 710 829 ἐκτραγωδῶν,
741 774 814 816 καί
842 772 916 829 τὴν
949 776 1150 830 προφανῆ
1176 776 1259 816 τῶν
1287 773 1420 855 ἱερῶν
1438 774 1625 817 κανόνων
1651 774 1745 817 καὶ·

266 840 406 894 νόμων
434 840 664 882 κατάλυσιν
694 842 880 896 ἐγκαλῶν
903 842 965 897 τῶ
996 841 1237 896 Καλλίστη).
1306 838 1414 882 ου’τω
1446 842 1484 882 δ’
1516 841 1755 886 ἐκπυστου1

265 906 477 961 γεγονότος
504 908 581 948 τοῦ
609 906 859 962 παρανόμου
890 908 963 949 καί
994 906 1163 962 ἀνιέρου
1194 907 1267 949 καί
1292 909 1497 963 μυσαροῦ
1524 908 1722 964 πράγμα-

265 987 348 1022 τος,
380 972 477 1014 οὐδὲ
504 974 565 1029 τῶ
592 975 768 1027 βασιλεῖ
788 974 1010 1029 τετύχηκεν
1036 973 1196 1029 ἀνηκόῳ
1224 974 1372 1016 τούτου
1402 973 1602 1030 γενέσθαι
1631 972 1737 1016 οὐδ’

177 1046 247 1079 11
269 1037 471 1095 ἀφθόγγῳ
501 1039 632 1095 πάντη
660 1044 803 1093 μεῖναι
819 1037 893 1094 τὴν
920 1040 1118 1094 γλῶτταν,
1145 1039 1234 1080 ἀλλ’
1266 1040 1309 1080 ἐν
1335 1039 1525 1093 θαύματι
1551 1037 1598 1082 τὸ
1627 1038 1721 1081 τόλ-

265 1121 387 1158 μημα
417 1106 641 1160 πεποίηται
672 1122 740 1147 και
775 1104 912 1154 αὐτός.
983 1105 1057 1146 καί
1090 1104 1438 1160 ἀναλογιζόμενος
1474 1104 1589 1160 ε’λεγε
1617 1102 1724 1160 πρὸς

265 1166 337 1210 τὸν
370 1171 637 1226 πατριάρχην
663 1169 728 1212 “el
753 1171 832 1224 μὲν
850 1169 1011 1226 ἰσχυρὰ
1039 1169 1091 1212 τὰ
1108 1170 1208 1226 πρὶν
1232 1167 1342 1226 ησαν
1372 1169 1622 1226 ἐγκλήματα,
1653 1167 1756 1214 διὰ1

265 1236 310 1277 τί
334 1234 521 1291 ἀκηκοώς
548 1237 619 1277 οὐκ
652 1236 899 1293 ἀπεκρούσω
943 1237 1050 1278 ἀλλὰ
1078 1235 1400 1294 συλλειτουργὸν
1436 1235 1722 1292 ἐπεποιήκειςς

268 1302 305 1342 εἰ
339 1302 385 1343 δὲ
412 1301 472 1357 μὴ
503 1303 676 1359 ἰσχυρά,
713 1302 848 1345 διὰτί
871 1302 1123 1359 καθαιρέσει
1153 1303 1393 1360 σπευδούσῃ
1419 1299 1722 1360 παρέπεμψας,

267 1367 342 1409 καί
367 1368 415 1409 τό
445 1383 491 1423 γε
520 1369 873 1425 παραλογώτατόν
902 1384 947 1411 τε
977 1370 1050 1411 καί
1081 1369 1369 1421 ατοπιότατον,
1383 1369 1474 1435 μὴ
1505 1369 1722 1426 παρόντα·
1709 1402 1721 1421 ,

267 1434 304 1474 εἰ
333 1433 377 1475 δὲ
410 1435 483 1476 καί
519 1438 745 1492 καθαιρεῖν
775 1432 900 1477 αὐτὸν
927 1436 1046 1490 ἐνῆν,
1095 1435 1183 1476 ἀλλ’
1216 1434 1264 1477 οὕ
1291 1434 1363 1478 τὸν
1383 1426 1520 1478 αὐτοῦ
1547 1435 1723 1491 κατήγο-

266 1515 339 1555 ρον
367 1506 624 1556 χειροτονεῖν
667 1501 751 1544 ἄντ’
783 1500 910 1543 αὐτοῦ
931 1505 1029 1546 κατ’
1060 1501 1207 1544 αὐτοῦ·
1265 1500 1293 1558 ἢ
1324 1503 1450 1557 δῆλον
1482 1518 1540 1552 ως
1569 1503 1723 1551 ἐκεῖνος

262 1566 341 1620 μὲν
369 1569 442 1621 τῆς
470 1567 744 1623 ἐπισκοπικῆς
774 1569 909 1625 ἀρχῆς
936 1566 1115 1624 ἐραστὴς
1159 1566 1336 1624 γεγονώς
1371 1569 1624 1624 ζηλοτυπίας
1652 1570 1722 1609 ἐκ·
1783 1568 1786 1614 j

263 1632 412 1687 γόνους
438 1636 614 1686 ψευδεῖς
643 1634 889 1691 συνέρραψε
935 1634 1113 1684 δόλους,
1141 1633 1193 1676 σὺ
1224 1636 1262 1676 δ’
1292 1633 1470 1691 ἐραστὴς
1498 1635 1571 1677 καί
1600 1633 1724 1684 αὐτὸς

266 1698 475 1750 καταστάς
501 1698 582 1742 τῶν
611 1701 769 1744 ἐκείνου
814 1701 1047 1758 χρημάτων
1090 1700 1348 1756 ἅδικωτάτην
1376 1700 1450 1743 καί
1475 1701 1593 1755 μάλα
1626 1700 1722 1742 οἷνο-
1782 1712 1786 1714 ’

266 1918 330 1951 vit.
382 1915 550 1951 Callistus
575 1916 685 1960 igitur
710 1916 810 1950 donis
836 1917 1038 1960 perductus,
1065 1916 1166 1950 illum
1192 1917 1278 1951 iuris
1303 1921 1338 1951 et
1361 1917 1483 1951 iudicii
1511 1927 1576 1961 per
1602 1917 1719 1963 fugam

266 1964 532 1998 detrectationis
566 1964 683 2007 arguit
717 1969 751 1996 et
775 1965 918 1997 nomine
959 1964 1026 1997 sibi
1060 1970 1246 2009 cognatum
1280 1963 1463 1999 Callistum
1494 1975 1718 1999 succesorem

265 2011 467 2054 designavit
493 2015 527 2043 et
556 2011 591 2042 in
618 2011 803 2053 Symeonis
840 2011 1001 2046 thronum
1028 2012 1133 2045 misit.
1184 2012 1303 2055 itaque
1341 2009 1406 2044 ilie
1432 2011 1629 2045 fortunatus
1655 2023 1719 2045 ce-
1768 2036 1779 2045 ψ.

264 2058 389 2092 leriter
413 2058 450 2090 in
474 2057 633 2092 Alaniam
661 2068 827 2091 reversus
859 2063 911 2091 est
946 2064 981 2091 et
1013 2059 1090 2091 sine
1118 2068 1214 2101 mora
1255 2058 1493 2101 episcopalem
1519 2058 1719 2092 cathedram
1776 2077 1778 2079 >

265 2106 448 2148 ingressus
476 2104 693 2149 Symeonerq
713 2115 790 2137 cum
819 2105 959 2138 infamia
987 2115 1028 2138 ea
1055 2105 1173 2138 eiecit.
1231 2105 1261 2138 is
1295 2114 1382 2138 vero
1409 2105 1616 2148 Byzantium
1642 2112 1718 2140 sta-
1778 2134 1786 2150 ,

264 2153 325 2185 tim
351 2161 391 2184 se
418 2151 569 2184 contulit
597 2157 631 2184 et
659 2161 779 2185 omnes
804 2151 996 2195 implorans
1022 2153 1108 2185 adiit
1133 2152 1320 2195 episcopos
1347 2156 1382 2184 et
1409 2152 1570 2186 seniores
1597 2157 1633 2186 et
1659 2154 1718 2186 in-

265 2198 389 2231 iuriam
431 2198 484 2231 sui
518 2198 844 2232 condemnationem
889 2199 1102 2243 divulgavit.
1154 2199 1256 2231 etiam
1285 2198 1493 2231 manifestae
1517 2204 1717 2233 sanctorum

264 2254 436 2278 canonum
465 2249 500 2277 et
525 2244 643 2288 legum
674 2245 872 2279 eversionis
895 2245 1077 2280 Callistum
1105 2246 1276 2289 coarguit.
1327 2245 1420 2289 quod
1446 2255 1549 2289 quum
1574 2246 1623 2279 ita
1651 2257 1717 2291 pa..

263 2291 332 2325 lam
366 2291 548 2336 vulgatum
587 2297 709 2333 esset,
746 2292 897 2325 iniuriae
932 2297 967 2325 et
1006 2292 1186 2336 improbae
1227 2297 1262 2325 et
1291 2291 1518 2325 detestandae
1551 2294 1604 2326 rei
1628 2293 1718 2327 fama

264 2339 368 2371 etiam
394 2339 437 2371 ad
462 2348 582 2381 regem
613 2339 800 2381 pervenit,
841 2340 901 2383 qui
930 2340 1007 2382 ipse
1041 2349 1135 2372 nunc
1167 2338 1322 2383 linguam
1347 2348 1443 2372 suam
1472 2339 1620 2383 amplius
1645 2350 1717 2373 non
1771 2360 1779 2364 —

262 2386 376 2418 tenuit
401 2385 461 2418 sed
488 2385 541 2417 rei
565 2386 764 2418 temeritate
789 2395 903 2428 paene
937 2386 1203 2429 obstupefactus
1237 2385 1324 2418 haec
1353 2395 1398 2418 ex
1422 2387 1538 2419 animo
1564 2387 1717 2429 patriar..

263 2431 351 2464 chae
377 2431 539 2474 scripsit:
578 2432 629 2465 “si
663 2442 748 2465 vera
787 2437 885 2465 erant
922 2443 1011 2476 quae
1046 2437 1149 2465 antea
1194 2431 1439 2466 referebantur
1474 2433 1632 2475 crimina,
1655 2444 1717 2468 cur

262 2488 367 2522 quum
392 2479 551 2511 audisses
576 2488 646 2511 non
673 2478 836 2521 repulisti
864 2489 941 2512 eum
964 2480 1026 2513 sed
1052 2478 1226 2523 collegam
1250 2484 1346 2511 tuum
1374 2478 1522 2513 fecisti?
1569 2480 1599 2514 si
1629 2491 1715 2514 vero
1744 2510 1745 2513 ,

231 2539 234 2541 >
262 2524 364 2566 falsa,
392 2526 453 2558 cur
482 2530 548 2557 tam
576 2535 730 2568 propera
757 2525 967 2568 expulsione
993 2524 1208 2559 removisti?
1257 2530 1304 2566 et,
1332 2525 1425 2568 quod
1449 2526 1715 2561 iniustissimum
1748 2524 1776 2556 “-

263 2577 327 2613 est,
354 2581 470 2615 neque
494 2571 570 2605 ullo
597 2573 698 2605 modo
736 2573 898 2606 excusari
923 2578 1061 2616 potest,
1096 2572 1209 2615 ipsum
1232 2571 1440 2606 absentem?
1476 2573 1584 2617 ·quin
1612 2575 1716 2608 etiam
1767 2600 1770 2601 γ

261 2618 291 2651 si
320 2617 452 2651 licebat
478 2629 555 2651 eum
571 2618 767 2662 expellere,
793 2624 908 2653 tamen
933 2619 1034 2653 nefas
1058 2624 1297 2652 accusatorem
1323 2619 1359 2652 in
1387 2620 1463 2653 eius
1488 2619 1604 2653 locum
1630 2631 1715 2657 suc-
1774 2653 1782 2666 ἰ

263 2674 441 2697 cessorem
469 2675 605 2700 creare,
655 2665 876 2699 manifestum
904 2677 1004 2711 ergo,
1030 2666 1129 2700 illum
1156 2665 1370 2709 episcopalis
1405 2666 1586 2710 dignitatis
1612 2669 1715 2711 cupi-
1766 2699 1781 2709 ς

263 2711 354 2752 dum,
384 2720 426 2744 ex
452 2712 585 2746 invidia
610 2711 835 2747 fraudulenta
861 2713 961 2748 dolos
988 2713 1023 2747 in
1051 2723 1128 2747 eum
1155 2712 1391 2747 commolitum
1420 2722 1510 2747 esse.
1562 2718 1600 2747 tu
1626 2723 1713 2748 vero
1756 2717 1782 2728 ⁴*
