1826 3120
262 141 356 190 128
634 137 637 140 '
667 147 964 192 Nicsspnom
1007 147 1309 191 GREcoRAE

259 258 396 307 ρεῖται
439 254 596 308 δρόμον
637 256 712 295 τοῦ
749 255 927 309 χρόνου,
973 255 1050 294 τοῦ
1091 255 1194 295 θεοῦ
1235 251 1292 307 μή
1334 257 1510 306 ταχεῖαν
1547 249 1716 307 ἐπάγειν

258 320 472 368 ἐθέλοντος
510 318 586 374 την
617 322 838 376 ἐκδίκησιν,
870 320 960 361 ἀλλ’
990 321 1140 368 ἐῶντος
1179 317 1308 360 παντὶ
1333 316 1377 360 τὸ
1409 318 1595 371 νόμισμα
1621 319 1719 360 δια-

256 386 570 437 κωδωνίζεσθαι
611 386 778 443 τρόπῳ,
825 386 917 427 ἀλλ’
962 385 1310 439 α’ναλογιζόμενον
1346 385 1417 426 ἕπε’
1457 385 1623 426 σαυτοῦ
1662 381 1716 426 τά

257 451 388 492 πάλαι
414 450 629 508 γενόμενα,
662 454 733 493 καί
761 453 972 507 θεοφιλῶς
1001 449 1273 505 άνιχνευόντά
1292 467 1334 494 τε
1365 451 1437 492 καί
1464 449 1720 504 ἀναλεγόμε-

256 531 325 558 νον
353 517 521 569 ἓκαστα,
550 519 693 575 σαυτῷ
721 533 763 558 τε
802 507 875 558 καί
901 516 1067 565 πολλοῖς
1106 514 1263 572 ἑτέροις
1302 517 1752 570 ἐντεῦθεν-μεγίστην5

257 584 460 636 παρέχειν
491 583 715 638 ω’φέλειαν.
773 582 941 633 οἷκουέις
968 581 1050 638 γάρ
1090 585 1164 625 τοῦ
1193 583 1380 637 μεγάλου
1407 584 1491 625 τῶν
1519 579 1719 624 τοιούτων

257 649 386 690 ιάτῶν
411 647 758 703 χρυσορρήμονος
792 652 989 704 ’λέγοντος
1007 693 1010 695 Α
1031 646 1086 698 ὥς
1113 651 1156 691 ἐν
1189 652 1424 703 προοιμίοις
1451 648 1527 691 τοῦ
1556 646 1716 703 κηρύγ-

256 728 383 765 ματος
404 716 616 770 Στέφανος
646 713 667 755 ὅ
703 714 809 770 ὑπὲρ
840 714 936 764 τοὺς
966 714 1179 768 ποταμούς
1208 714 1314 770 ῥέων
1337 714 1409 757 καί
1433 712 1592 764 πάντας
1623 715 1717 756 ἐπι-

259 781 492 831 στομίζων,
540 780 639 822 ου’δὲ
680 780 812 823 πολύν
859 780 1037 836 ποιήσας
1079 780 1123 823 ἐν
1166 783 1222 839 τῷ
1271 780 1506 838 κηρύγματι
1549 779 1718 836 χρόνον,

260 844 418 899 α’θρόον
449 845 615 902 ἡρπάγη
643 850 714 889 καί
743 847 799 897 ὦς
822 845 1074 905 βλάσφημος
1106 847 1399 900 κατεδικάζετό
1420 863 1464 891 τε
1495 849 1569 889 καί
1595 861 1720 889 κατε·
1734 857 1778 894 10

259 910 412 954 λύετο’
477 915 550 954 καί
575 911 770 968 Ἰάκωβος
805 915 843 956 δ’
885 917 928 956 ἐν
957 916 1086 972 ,α’ρχῇ
1130 918 1202 957 καί
1235 915 1362 964 αὐτὸς
1405 916 1449 964 ἐξ
1487 910 1620 968 αὐτῆς
1665 912 1723 962 ὥς
1763 933 1771 948 v

261 976 391 1020 εἰπεῖν
423 981 496 1033 τῆς
519 981 716 1036 βαλβῖδος
737 978 982 1036 α’νεσπάσθη
1012 984 1084 1022 καί
1112 981 1369 1036 α’ποτμηθείς
1395 982 1455 1030 εἰς
1482 978 1610 1034 χάριν
1639 981 1722 1021 τῶν

259 1044 478 1087 Ἰουδαίων
509 1045 583 1101 ὑφ’
607 1045 800 1101 Ἡρώδου
831 1046 900 1089 τὸν
932 1049 1024 1100 βίον
1054 1051 1256 1090 κατέλυσε
1284 1050 1437 1095 στῦλος
1475 1045 1547 1088 καὶ
1573 1043 1723 1100 ἑδραί-

214 1118 243 1151 8
263 1126 357 1163 ωμα
387 1113 631 1166 τηλικοῦτον
671 1114 745 1166 τῆς
785 1113 1001 1168 άληθειάς.
1056 1114 1113 1168 μὴ
1158 1109 1234 1155 οὖν
1266 1109 1496 1170 θαυμάσῃς
1523 1112 1563 1154 εἰ
1589 1110 1648 1166 μὴ
1678 1113 1723 1168 ἐκ

259 1179 488 1232 προοιμίων
529 1179 631 1232 μηδ’
666 1178 827 1227 εὕθέως
869 1178 1094 1221 ἑκδικεῖται
1119 1179 1240 1234 παρὰ
1273 1181 1374 1221 θεοῦ
1403 1177 1456 1220 τὰ
1487 1178 1780 1228 λυποῦνταῚὸ

260 1241 357 1293 ἔθος
394 1243 473 1298 γάρ
515 1245 632 1302 αΰτῷ
658 1243 717 1299 μὴ
763 1247 804 1287 ἐν
851 1246 963 1302 άρχῇ
992 1245 1042 1287 τὰ
1075 1246 1190 1288 δεινὰ
1221 1246 1359 1298 λύειν,
1390 1239 1481 1286 ἄλλ’
1511 1240 1610 1286 ὅταν
1640 1246 1724 1286 av'-

261 1311 370 1363 ξηθῇ
398 1310 471 1351 καί
499 1309 611 1364 παρά
657 1313 741 1352 τῶν
770 1310 970 1353 πλειόνων
1011 1311 1278 1368 ἀπογνωσθῇ.
1339 1309 1507 1360 α’κούεις
1535 1311 1571 1351 δ’
1605 1306 1718 1360 ὅπως

261 1376 332 1416 καί
361 1374 383 1416 ὅ
411 1377 489 1428 μὲν
507 1372 637 1430 ’Ἀβελ
676 1380 836 1428 δίκαιος
864 1375 921 1419 ‹Bi›
952 1378 1164 1434 ἐφονεόθη
1194 1377 1321 1432 ταχύ,
1365 1373 1467 1418 ὅδὲ
1501 1377 1616 1420 Κάΐν
1646 1375 1720 1433 ἔζη

85 1447 110 1484 f.
130 1446 197 1484 126
211 1438 433 1495 ιι.μακρόν,
481 1441 531 1483 ἵν’
572 1445 790 1498 ἐλέγχηται
824 1446 947 1485 πλέον
993 1444 1015 1498 ἧ
1048 1443 1199 1486 τούτου
1227 1444 1349 1486 κακιά
1370 1461 1379 1471 ·
1452 1445 1526 1488 καί
1554 1439 1612 1486 αὖ
1642 1446 1673 1470 ”
1702 1442 1724 1484 ὅ

258 1508 337 1560 μὲν
365 1506 605 1562 πρόδρομος
639 1511 828 1564 Ἰωάννης
856 1510 930 1565 τὴν
961 1510 1146 1567 κεφαλὴν
1179 1511 1408 1569 ἀφῃρεῖτο,
1448 1512 1470 1554 ὅ
1502 1514 1544 1554 δ’
1568 1508 1783 1558 α’νελών2ο

255 1572 452 1629 ςΗριόδης
476 1573 549 1630 ἔζη
575 1578 878 1629 ταμιευόμενος
905 1578 964 1626 εἰς
991 1575 1138 1632 καιρόν
1167 1576 1434 1634 ἐκδικήσεως,
1463 1580 1535 1621 ἵνα
1557 1574 1718 1633 δηλαδή

262 1640 612 1697 σκωληκόβρωτος
641 1643 828 1685 ἐνταῦθα
844 1644 1063 1698 γενόμενος
1081 1646 1153 1686 καί
1182 1640 1404 1699 ἇποψόξας
1433 1647 1590 1702 πικρῶς
1618 1642 1722 1697 πρὸς

356 1735 390 1775 7.
421 1743 461 1778 ἐκ
483 1747 548 1779 τοῦ
575 1740 670 1779 κατὰ
692 1745 884 1783 Ἰουδαίων
908 1745 943 1781 θ’
969 1746 1093 1794 λόγου.
1216 1746 1271 1781 16.
1301 1748 1341 1783 ἔκ
1364 1747 1439 1784 τῶν
1462 1742 1560 1793 πρὸς
1582 1744 1723 1794 Ὀλυμ-

358 1789 480 1824 numida
507 1793 725 1829 ἐπιστολῶν.
1149 1801 1154 1807 ·
1482 1790 1489 1795 ”
1719 1792 1726 1795 ’

264 1884 483 1923 temnuntur,
510 1882 717 1925 produntur,
749 1883 951 1926 irridentur,
977 1883 1058 1918 aliis
1083 1884 1204 1919 multis
1230 1884 1403 1919 molestiis
1428 1888 1611 1929 urgentur.
1637 1883 1724 1918 deus

268 1927 361 1960 enim
387 1937 458 1961 non
487 1928 629 1962 festinat
655 1930 834 1972 iudicium,
853 1932 914 1964 sed
926 1942 1098 1975 quemque
1118 1932 1266 1965 stadium
1291 1942 1390 1965 suum
1415 1931 1493 1965 vult
1521 1932 1723 1966 decurrere.

265 1978 303 2006 tu
338 1984 426 2007 vero
454 1985 543 2019 quae
573 1987 592 2009 a
618 1977 810 2010 maioribus
851 1977 953 2011 nobis
980 1979 1103 2011 tradita
1133 1979 1204 2012 sint
1228 1978 1337 2012 velim
1363 1979 1581 2012 consideres.
1632 1978 1725 2011 unde

263 2020 293 2054 si
326 2022 386 2064 pio
423 2023 538 2055 animo
572 2023 847 2067 investigaveris
880 2024 1019 2068 singula
1061 2036 1222 2070 quaeque
1264 2031 1299 2058 et
1330 2030 1445 2059 tecum
1489 2025 1726 2069 reputaveris,

265 2071 300 2099 et
335 2067 399 2101 tibi
435 2074 470 2102 et
506 2069 587 2103 aliis
619 2070 738 2104 multis
769 2072 900 2114 optime
930 2072 1064 2104 fructus
1093 2072 1346 2106 redundabunt.
1410 2072 1509 2106 audis
1549 2072 1640 2105 enim
1682 2081 1727 2104 ex

263 2123 390 2159 magno
416 2115 480 2149 illo
510 2116 783 2159 chrysostomo,
811 2117 853 2150 ab
881 2119 992 2151 initiis
1020 2119 1199 2163 evangelii
1227 2119 1465 2162 Stephanum,
1492 2119 1603 2152 amnis
1627 2128 1725 2152 more

264 2160 431 2194 fluentem
474 2167 509 2195 et
549 2172 671 2197 omnes
710 2164 818 2197 silere
859 2171 1066 2209 cogentem,
1110 2171 1191 2208 post
1222 2166 1333 2199 breve
1373 2171 1510 2209 tempus
1545 2166 1580 2198 in
1617 2175 1726 2209 prae-

265 2207 411 2241 dicando
451 2210 641 2253 evangelio
681 2217 942 2255 consumptum,
987 2213 1103 2245 subito
1137 2223 1215 2246 esse
1253 2218 1452 2256 correptum
1490 2217 1525 2246 et
1561 2214 1726 2257 tanquam

264 2254 505 2298 blasphemum
540 2258 810 2291 condemnatum
851 2264 885 2291 et
918 2260 1139 2292 interfectum
1173 2260 1321 2293 Iacobus
1355 2261 1457 2292 initio
1503 2264 1538 2292 et
1568 2259 1646 2303 ipse
1681 2258 1725 2293 ab

267 2302 353 2345 ipsis
379 2308 417 2335 ut
450 2304 499 2336 ita
529 2304 641 2338 dicam
669 2305 868 2338 carceribus
888 2311 1084 2349 protractus
1121 2311 1155 2339 et
1181 2306 1224 2339 ab
1244 2307 1383 2340 Herode
1402 2307 1540 2340 ludaeis
1574 2306 1726 2349 cupien-

269 2348 361 2381 tibus
389 2349 596 2384 interfectus
638 2357 703 2385 est.
753 2363 902 2396 quocum
928 2354 1088 2386 veritatis
1117 2354 1349 2386 firmissimum
1380 2354 1535 2386 concidit
1561 2352 1725 2386 columen

271 2401 305 2428 et
334 2397 556 2438 praesidium.
606 2398 684 2431 noli
713 2399 821 2443 igitur
860 2401 991 2441 mirari,
1019 2401 1111 2444 quod
1135 2410 1206 2439 non
1233 2401 1400 2433 continuo
1429 2400 1581 2433 iniuriae
1611 2410 1631 2432 a
1657 2399 1723 2432 deo

271 2443 505 2477 vindicantur.
566 2445 651 2478 deus
682 2447 773 2478 enim
810 2447 1047 2489 improborum
1075 2447 1187 2480 studia
1212 2450 1283 2480 uo’n
1313 2446 1406 2480 solet
1444 2447 1511 2479 iam
1548 2446 1722 2490 principio

269 2490 448 2523 retardare
473 2492 535 2525 sed
561 2497 631 2524 tum
660 2492 795 2525 demum
810 2504 914 2537 quum
941 2503 1150 2538 progressus
1179 2494 1340 2527 feceruut
1366 2499 1430 2527 eta
1450 2493 1611 2537 plurimis
1638 2503 1724 2536 per..

270 2542 393 2579 specta
422 2543 513 2571 sunt.
564 2539 615 2571 uti
641 2540 723 2581 scis,
749 2539 841 2574 Abel
867 2541 926 2584 qui
952 2540 1054 2573 homo
1081 2541 1191 2574 iustus
1220 2545 1294 2573 erat
1325 2545 1460 2573 mature
1485 2545 1630 2573 necatus
1658 2545 1722 2574 est.

274 2583 360 2617 Cain
385 2594 473 2617 vero
504 2591 673 2628 provecta
701 2587 836 2619 demum
867 2592 982 2620 aetate
1008 2588 1172 2621 decessit.
1233 2588 1325 2631 quod
1351 2588 1436 2620 deus
1467 2597 1509 2620 eo
1536 2587 1613 2620 fieri
1639 2596 1724 2630 pas..

271 2640 329 2663 sus
359 2636 424 2673 est,
451 2636 490 2664 ut
519 2632 576 2664 hic
602 2633 728 2676 culpae
756 2644 840 2666 suae
866 2635 1028 2667 conscius
1055 2639 1148 2667 esset
1171 2644 1235 2678 per
1259 2633 1401 2679 longam
1427 2639 1588 2667 aetatem.
1620 2634 1724 2667 etiam

272 2687 483 2720 praecursor
513 2678 663 2713 loannes
698 2680 906 2714 interfectus
934 2686 998 2714 est.
1049 2681 1208 2714 Herodes
1233 2686 1348 2714 autem
1374 2682 1433 2725 qui
1461 2681 1641 2715 interfecit
1664 2681 1724 2714 diu

270 2725 461 2769 impunitus
499 2726 588 2760 vixit
626 2737 738 2773 usque
764 2728 805 2761 ad
831 2728 921 2762 diem
946 2728 1081 2772 iudicii,
1109 2729 1157 2762 ita
1186 2728 1324 2774 quidem
1350 2733 1388 2763 ut
1417 2729 1476 2774 qui
1502 2728 1570 2762 iam
1596 2727 1660 2763 hac
1686 2728 1724 2764 in
