1786 3138
237 134 338 187 496
638 125 941 186 'sinemom
980 123 1338 206 anamiim,
1464 143 1494 182 μυ,

232 247 472 305 Ἑλληνικῆς
487 267 504 299 ,·
545 246 625 304 ὅτῳ
668 245 718 289 ἂν
745 247 875 288 πάνθ’
919 245 999 289 ὅσα
1031 245 1102 288 διὰ
1134 245 1284 303 φώτων
1313 244 1471 301 γίνεται
1495 242 1695 302 θαύματα

238 315 452 371 λατρεύειν
491 313 555 371 εἴη
587 313 658 356 διὰ
691 315 926 371 φροντίδος.
995 312 1092 355 οὐδὲ
1120 310 1202 368 γὰρ
1237 311 1334 354 οὐδὲ
1361 311 1559 366 σῶμάτί
1582 312 1695 354 ἐστιν
1745 349 1748 351 Α

238 381 264 437 ἦ
302 379 491 431 ἄκτιστος
520 382 654 436 ἐκείνη
692 381 768 422 τοῦ
797 381 987 436 σωτῆρος
1020 378 1166 430 οὖσιά,
1197 376 1414 436 ἴναμέρος
1444 379 1529 434 μὲν
1551 395 1693 436 παρα-

241 450 357 505 φανῇ
382 448 512 504 μέρος
545 450 582 490 δ’
614 445 685 489 οὔ·
719 449 808 498 πῶς
837 447 940 502 γάρ,
988 444 1146 502 ἀμερὴς
1173 441 1280 487 οὖσα
1315 444 1490 502 δύναμις
1517 446 1590 501 καὶ
1617 462 1692 489 κυ-

239 517 341 571 ρίως
371 516 426 565 ἓν,
460 515 649 570 ἀριθμοῦ
676 512 832 562 παντὸς
872 513 1139 555 παντάπασιν
1181 506 1430 569 ὗπέρτερον·
1491 509 1584 556 οὕτε
1611 511 1726 570 γὰρ5
1752 515 1753 518 ’

148 589 218 625 41
237 582 371 636 ἐκείνη
400 582 600 637 μερισμῷ
627 582 709 622 τινί
759 579 896 622 δυάδα
924 580 1189 635 γεγέννηκεν,
1228 576 1332 634 οὔτ’,
1346 578 1529 636 ἀριθμὸς
1559 579 1695 630 οὐδεὶς

237 647 430 703 ἐμέρισεν
460 647 606 703 αὐτήν·
658 647 747 689 ἀλλ’
779 647 823 689 ἓν
854 643 962 688 οὖσα
991 645 1117 703 φύσει
1142 648 1215 689 καί
1242 647 1374 701 μονιὶς
1403 647 1481 698 ἀεί,
1509 646 1693 703 μεμένη-
1740 670 1743 674 s

236 730 305 756 κεν
337 713 404 756 del
431 715 638 770 μοναδική
666 729 710 756 τε
752 714 825 756 καί
868 711 1068 770 ἄτρεπτος
1111 714 1183 756 καί
1206 713 1416 770 ἀόρατος.
1477 715 1585 772 φησί
1610 713 1692 770 γὰρ

237 780 309 822 καί
339 779 372 822 ὅ·
400 784 515 830 θεῖος
551 782 857 837 Χρυσόστομος
898 781 954 832 ὥς
995 784 1032 824 εἰ
1067 782 1193 838 αὐτὴν
1231 779 1379 838 ’ἑώρων
1410 782 1448 826 οἱ
1478 785 1696 840 προφῆται

236 845 310 901 τὴν
343 847 470 903 φύσιν
498 849 573 888 τοῦ
603 849 718 898 θεοῦ,
751 847 823 889 οὐκ
855 845 908 890 ἀν
940 849 1161 905 διαφόρως
1192 850 1398 892 ἐθεῶντο·
1471 848 1585 905 ἁπλῆ
1613 847 1693 905 γάρ
1710 861 1758 902 10

237 929 300 963 τις
331 914 466 969 ἐκείνη
497 930 567 955 και
594 914 907 977 ἀσχημάτιστος
936 915 1009 957 καί
1029 914 1257 965 οἷσύνθετος
1281 915 1357 958 καί
1385 915 1696 972 οἷπερίγραπτος

237 976 310 1024 καί
356 982 422 1024 οἷει
460 981 663 1033 ωσαύτως
703 983 877 1036 ἔχουσα.
949 985 1040 1026 ἄλλ’
1081 984 1213 1036 εδειξε
1260 1002 1364 1042 φησι
1403 986 1477 1040 τῆς
1511 984 1694 1026 ἅθεάτου

238 1051 383 1104 θεϊκῆς
409 1048 538 1091 αὐτοῦ
568 1051 788 1103 βασιλείας
823 1049 896 1105 τὴν
929 1050 1066 1101 δόξανι
1143 1048 1232 1094 εἶτα
1277 1052 1325 1093 οὕ
1370 1051 1416 1094 τὸ
1459 1051 1697 1104 ἐκκαλύψαι

172 1143 176 1146 -
236 1116 369 1169 μείζω
399 1116 470 1170 τὴς
501 1116 677 1170 δύναμιν
706 1116 796 1169 ἔχει
820 1119 895 1158 τοῦ
932 1119 1091 1168 δεῖξαι·
1120 1118 1437 1174 κεκαλυμμένον
1477 1118 1558 1174 γάρ
1587 1131 1697 1166 τινος

241 1183 366 1236 δηλοῖ
394 1183 636 1238 φανέρωσιν
664 1183 929 1239 πράγματος·
1001 1183 1046 1226 τὸ
1094 1185 1140 1226 δὲ
1171 1186 1314 1235 δεῖξαι
1364 1185 1474 1236 λέξις
1503 1184 1593 1227 ἐστὶ
1620 1183 1698 1225 κᾶν
1711 1175 1754 1229 15

238 1253 325 1297 τοῖς
355 1249 623 1304 φαινομένοις
650 1249 862 1305 χρειώδης
904 1249 1068 1302 ἅπλῶς,
1111 1249 1253 1307 ὥσπερ
1300 1250 1349 1293 ἂν
1395 1252 1433 1293 εἰ
1467 1252 1510 1293 ἐν
1537 1253 1697 1305 βαλαν-

238 1317 312 1371 τίῳ
354 1315 679 1370 καλυπτομένων
706 1311 941 1372 μαργιὶρων
971 1318 1100 1371 μόνον
1145 1319 1321 1360 δεικνύοι
1351 1334 1413 1368 τις
1455 1316 1500 1360 τὸ
1540 1316 1699 1371 βαλάν-

238 1397 352 1424 τιον·
413 1375 529 1432 οῧτος
567 1381 646 1439 γὰρ
689 1383 820 1434 ἔδειξε
849 1383 955 1437 μέν,
986 1384 1058 1426 οὐκ
1089 1386 1322 1439 ἐξεκάλυψε
1353 1386 1398 1427 δὲ
1424 1383 1471 1427 τὸ
1503 1383 1701 1440 ζητούμε-

239 1465 335 1491 νον·
407 1447 463 1498 ὥς
503 1449 576 1491 καί
617 1449 640 1491 ὁ
685 1449 816 1505 μέγας
863 1452 1054 1493 διδάσκει
1090 1453 1418 1507 Χρυσόστομος,
1459 1451 1591 1507 λέγων
1637 1449 1700 1494 ὅτι

241 1515 314 1557 οὐκ
344 1514 463 1570 ἐνέβη
494 1514 516 1556 ὅ
540 1515 699 1570 Ἰησοῦς
730 1517 789 1565 εἷς
816 1515 862 1558 τὸ
892 1521 1048 1569 πλοῖον,
1079 1517 1125 1560 τὸ
1154 1518 1302 1572 θαῖμα
1326 1519 1473 1572 μεῖζον
1489 1518 1698 1573 ἑργάσασ-
1710 1523 1757 1565 20

241 1585 318 1624 θαι
347 1583 603 1637 βουλόμενος
626 1583 699 1625 καί
730 1582 819 1638 ἅμα
848 1583 922 1639 τὴν
951 1584 1131 1641 θεότητα
1162 1583 1302 1635 αὐτοῖς
1330 1584 1567 1639 ἐκκαλύψαι
1595 1600 1699 1641 τρα-
1738 1573 1763 1578 '⁵

178 1687 182 1691 .
239 1649 420 1705 νότερον.

240 1866 444 1912 ubicunque
468 1876 539 1901 non
566 1867 760 1912 placuerit,
794 1873 969 1902 tacentem
1001 1878 1088 1902 vero
1115 1877 1188 1900 non
1227 1867 1287 1901 ubi
1315 1866 1504 1912 placuerit.
1552 1866 1698 1900 multum

241 1926 326 1949 sane
351 1915 556 1948 barbaricae
585 1917 765 1971 opinionis
786 1916 913 1959 plenus
933 1926 1011 1949 esse
1024 1915 1169 1949 debebit
1195 1920 1229 1948 et
1244 1916 1377 1949 Graeco
1396 1915 1568 1960 atheismo
1587 1914 1697 1947 multo
1759 1955 1764 1958 Ι

240 1963 413 1996 inferiora
440 1968 576 2004 tenere,
602 1964 658 1996 cui
688 1974 922 2008 quaecunque
948 1973 1011 2007 per
1048 1963 1165 1996 lucem
1204 1963 1290 1996 flunt
1329 1961 1496 1995 miracula
1533 1961 1699 1995 venerari
1754 1963 1772 2009 ⁴:

241 2011 358 2043 omnia
385 2011 420 2043 in
447 2011 563 2043 animo
593 2011 650 2044 sit.
701 2022 779 2045 nam
807 2021 852 2044 ne
879 2011 1020 2054 corpori
1049 2011 1190 2055 quidem
1217 2015 1272 2043 est
1305 2010 1462 2042 increata
1487 2009 1551 2042 illa
1577 2008 1699 2042 salva-
1756 2029 1772 2044 ,=

240 2058 328 2091 toris
355 2060 524 2098 essentia,
552 2059 601 2091 ita
627 2064 665 2092 ut
690 2069 769 2102 pars
798 2063 991 2102 appareat,
1028 2069 1109 2102 pars
1138 2067 1210 2090 non
1239 2063 1419 2100 appareat.
1471 2056 1554 2101 quid
1582 2053 1700 2088 enim?

241 2105 394 2138 indivisa
426 2106 517 2137 enim
545 2111 598 2139 est
624 2107 783 2149 potentia
808 2111 843 2138 et
870 2116 975 2138 unum
1005 2105 1175 2150 quoddam
1189 2106 1282 2138 omni
1309 2106 1450 2137 omnino
1469 2113 1615 2136 numero
1635 2113 1699 2135 su-

242 2153 375 2195 perius.
429 2163 520 2196 quae
545 2163 612 2186 nec
638 2154 814 2186 divisione
841 2152 915 2185 ulla
942 2153 1182 2196 duplicitatem
1210 2153 1335 2196 genuit
1360 2162 1427 2184 nec
1450 2159 1598 2183 numero
1622 2149 1698 2182 ullo

243 2199 356 2232 divisa
385 2204 450 2241 est,
478 2200 539 2232 sed
564 2211 668 2233 unum
696 2206 820 2233 natura
858 2205 911 2233 est
939 2205 973 2233 et
999 2210 1138 2243 semper
1152 2200 1278 2232 unitas.
1329 2198 1455 2232 mansit
1468 2207 1608 2241 semper
1621 2198 1699 2229 mo-

242 2246 368 2280 nadica
396 2252 430 2280 et
458 2252 621 2280 constans
651 2253 686 2281 et
712 2247 917 2281 invisibilis.
977 2248 1062 2280 dicit
1097 2248 1201 2280 etiam
1236 2246 1377 2279 divinus
1405 2245 1699 2288 chrysostomus:

248 2293 277 2327 si
303 2294 413 2336 ipsam
444 2294 617 2328 vidissent
643 2295 840 2338 prophetae
866 2295 922 2327 dei
953 2298 1123 2336 naturam,
1149 2304 1220 2327 non
1235 2294 1333 2327 varie
1359 2291 1698 2335 contemplabantur.
1757 2314 1766 2331 ὲ,

245 2340 396 2384 simplex
423 2341 514 2374 enim
544 2345 712 2385 quaedam
742 2347 795 2375 est
823 2352 864 2375 ea
894 2347 929 2374 et
955 2340 1224 2375 insubstantiata
1252 2347 1285 2374 et
1317 2340 1551 2382 incomposita
1578 2343 1613 2371 et
1641 2338 1700 2370 in-
1755 2346 1759 2371 1

247 2388 473 2430 explicabilis
510 2395 544 2423 et
579 2400 720 2433 semper
757 2390 876 2422 eadem
913 2391 1061 2432 mansit,
1098 2388 1159 2422 sed
1195 2388 1348 2421 ostendit
1372 2385 1564 2420 invisibilis
1587 2383 1700 2418 divini
1752 2395 1763 2405 ³

248 2436 351 2478 regni
379 2435 541 2479 gloriam.
595 2447 680 2480 crgo
709 2436 798 2469 illud
824 2437 1014 2481 detegendi
1047 2447 1118 2469 non
1144 2435 1313 2468 maiorem
1337 2435 1405 2468 vim
1435 2433 1560 2475 habet,
1599 2440 1700 2476 quam

246 2482 468 2515 ostendendi.
517 2482 689 2517 obscurae
718 2485 808 2516 enim
837 2484 890 2516 rei
918 2484 1191 2527 explicationem
1219 2482 1338 2523 assert3
1374 2481 1560 2514 ostendere
1585 2485 1701 2512 autem

247 2534 300 2561 est
325 2528 460 2562 locutio
489 2531 591 2563 etiam
617 2532 651 2563 in
681 2530 933 2574 apparentibus
960 2531 1064 2564 rebus
1080 2530 1183 2574 plane
1206 2529 1423 2563 necessaria.
1473 2527 1701 2572 quemadmo-
1758 2564 1763 2569 ,

245 2575 324 2608 dum
351 2577 380 2608 si
409 2577 485 2620 quis
516 2578 714 2622 margaritis
748 2580 782 2611 in
821 2588 924 2622 capsa
951 2578 1098 2611 inclusis
1126 2587 1262 2621 capsam
1289 2575 1508 2610 solummodo
1536 2573 1701 2614 ostendit,

245 2632 316 2655 non
344 2623 480 2668 detegit
504 2624 538 2657 id
565 2625 657 2668 quod
686 2626 879 2669 quaeritur.
930 2631 969 2658 ut
996 2627 1099 2659 etiam
1128 2634 1272 2669 magnus
1303 2623 1573 2666 chrysostomus
1597 2622 1704 2654 dicitz

245 2679 318 2702 non
345 2672 505 2704 ascendit
530 2671 628 2705 lesus
654 2682 781 2705 navem
809 2673 1015 2706 miraculum
1041 2674 1152 2706 maius
1178 2671 1366 2704 effecturus
1394 2675 1429 2704 et
1457 2668 1559 2704 simul
1587 2668 1703 2702 deita-
1747 2706 1755 2710 -

246 2721 317 2751 tem
346 2716 420 2752 illia
448 2719 668 2754 manifestius
695 2720 909 2754 detecturus.
1686 2725 1690 2734 ¹
