1826 3120
275 546 407 628 7610
446 577 673 627 Arm?
709 576 1111 626 ΝΙΚΗΦΟΡΟΥ
1154 576 1286 625 Tor
1333 574 1666 627 ΓΡΗῙῸΡΛ

375 660 751 711 ΡΩΜΛΙΚΗΣ
789 659 1133 709 ιΣΤοΡῙΛΣ
1168 659 1417 710 ΛΟΓΟΣ
1444 657 1560 709 KZ.

775 796 1138 804 ..φῇ-...εὴ

55 911 82 947 f,
104 910 221 948 1231,-
375 893 543 934 Τούτων
577 892 615 933 δ’
660 885 793 939 οὕτως
826 887 1038 944 ἐχόντων,
1084 891 1304 932 κοῖνταῦθα
1339 893 1415 944 τῆς
1469 891 1697 947 διηγήσεως

233 956 402 1015 ἥκοντος
432 960 508 1000 τοῦ
540 958 866 1011 Ἀγαθαγγέλου,
899 959 1117 1012 φροντίδες
1138 955 1284 1010 ἕτεραί
1306 971 1379 1009 μοι
1401 957 1447 999 τὸ
1482 958 1698 1011 λογιζόμε-

234 1041 306 1068 νον
329 1025 609 1066 α’νθέλκουσαι
626 1026 697 1078 τῆς
716 1025 860 1078 ψυχῆς
878 1023 1179 1078 απησχόλησαν
1198 1023 1250 1063 ου’
1270 1021 1386 1074 μάλα
1418 1039 1458 1066 τι
1491 1023 1733 1080 α’γεννεΐς·5

234 1091 308 1141 τὰς
347 1093 427 1146 γάρ
460 1107 522 1133 τοι
564 1091 830 1144 πολλαχόθεν
861 1091 958 1143 ε’μοί
994 1091 1076 1132 τῶν
1105 1090 1351 1145 νοσημάτων
1390 1086 1532 1132 ἄλλοτ’.
1561 1085 1700 1142 ’ἄλλας

235 1158 566 1212 παρεισρυείσας
594 1157 725 1210 κῆρας
764 1156 835 1197 καί
864 1152 999 1209 τύχας
1042 1159 1084 1205 ἐς
1113 1154 1221 1196 πάνυ
1252 1173 1294 1198 τι
1333 1156 1560 1212 μοχθηράν
1587 1174 1701 1211 συμ-

235 1227 398 1277 μαχίαν
431 1225 513 1264 τῶν
542 1224 611 1277 τῆς
640 1225 828 1277 κεφαλῆς
859 1221 1099 1277 ἀλγηδόνων
1126 1221 1274 1271 ἰούσας
1303 1221 1452 1276 ὅρῶντι
1479 1223 1550 1266 διά
1576 1239 1622 1267 τε
1649 1223 1698 1266 τὸ

237 1293 311 1346 τῆς
341 1291 591 1345 καθείρξεως
630 1290 823 1338 ἐπιεικῶς
860 1288 1013 1342 ἰταμὸν
1043 1289 1154 1342 ὁμοῦ
1181 1291 1254 1332 καί
1290 1289 1557 1333 παντάπασιν
1585 1292 1702 1333 αἰια-
1799 1346 1802 1349 ἱ

243 1355 476 1412 ροέκλητον,
510 1358 582 1398 καί
623 1353 713 1409 ἅμα
753 1356 798 1397 τὸ
826 1358 898 1410 τῆς
928 1356 1175 1410 ἐλευθερίας
1212 1352 1238 1411 ἢ
1274 1358 1429 1411 μικρᾶς
1455 1359 1558 1411 γοῦν
1591 1356 1701 1406 τινὸς
1715 1377 1759 1413 10

245 1424 426 1471 α’νέσεως
455 1422 629 1464 δύσελπι
675 1422 738 1474 (τὸ
783 1423 863 1477 γὰρ
898 1425 1108 1477 θηριῶδες
1138 1419 1223 1465 οὔτ’
1260 1422 1377 1479 ἔληγε
1402 1425 1486 1466 τῶν
1513 1416 1701 1466 &ambutabo

238 1490 407 1546 ου’δαμῇ
436 1491 507 1531 καί
533 1488 633 1543 πρός
663 1505 708 1543 γε
741 1488 870 1530 πλείω
916 1488 993 1544 τὴν
1021 1492 1097 1531 τοῦ
1126 1485 1269 1540 αὔξειν
1308 1488 1471 1544 νύκτωρ
1501 1491 1576 1531 καί
1601 1492 1700 1544 μεθ’

238 1552 401 1608 ἡμέραν
429 1552 554 1610 ὁλκὴν
583 1556 825 1613 ἀνῃρεῖτο),
872 1556 964 1604 δέος
1007 1555 1104 1606 ἐμοὶ
1129 1559 1210 1598 τῶν
1248 1557 1359 1598 πάνυ
1385 1558 1593 1611 μεγίστων
1622 1572 1699 1605 πε-

240 1624 495 1676 ρικεχύσθαι
527 1624 788 1676 ξυνέβαινεν,
820 1622 1101 1665 οἷναπολοῦντι
1126 1622 1186 1678 μὴ
1219 1620 1266 1665 ὃν
1296 1623 1421 1665 αὐτοὶ
1449 1626 1548 1666 καθ’
1580 1623 1698 1679 ἡμῶν

238 1688 308 1729 αἐἰ
343 1690 619 1742 μηχανῶνται
659 1688 844 1730 θάνατον
869 1690 1130 1744 ἐπιγένηται,
1171 1688 1270 1744 πρὶν
1311 1689 1423 1744 ἡμᾶς
1451 1691 1697 1740 αἰσθέσθαι,
1713 1709 1756 1744 15

70 1765 180 1803 f.124
193 1755 270 1802 a‚‘¹
299 1754 491 1807 καθάπερ
513 1757 557 1797 ἐκ
588 1755 714 1808 λόχου
744 1754 909 1812 λῃστής.
967 1750 1046 1811 ἤδη
1077 1758 1301 1812 τοιγαροῦν
1331 1758 1406 1812 τῆς
1430 1755 1523 1799 τότε
1551 1755 1697 1806 νυκτὸς

333 1880 368 1912 5.
386 1876 461 1913 Ὅτι
500 1878 733 1925 δολοφονίαν
768 1878 1014 1916 ὑποπτεύσας
1051 1880 1070 1915 ὃ
1111 1879 1302 1926 Γρηγορᾶς
1340 1879 1572 1928 ἐτοιμάζεται
1602 1877 1699 1927 πρὸς

335 1924 508 1963 θάνατον
532 1935 653 1970 margo
681 1926 825 1960 codicis.

261 2073 585 2124 NICEPHORI
622 2074 954 2125 GREGORAE
990 2073 1317 2125 HISTORIAE
1353 2076 1660 2126 ROMANAE

772 2175 949 2223 LIBER
977 2174 1163 2222 XXVII.

376 2381 474 2423 Quae
503 2390 608 2425 quum
636 2381 685 2414 ita
711 2390 750 2414 se
779 2380 963 2424 haberent,
990 2390 1164 2425 quumque
1176 2379 1244 2414 huc
1261 2380 1498 2415 narrationem
1512 2380 1697 2427 Agathan-

243 2428 346 2474 gelus
372 2428 618 2471 perduxisset,
655 2438 761 2461 curae
786 2427 878 2461 aliae
905 2433 940 2461 et
963 2427 1031 2462 hae
1059 2428 1198 2472 quidem
1216 2436 1287 2460 non
1311 2427 1508 2462 mediocres
1545 2435 1696 2464 mentem

245 2475 509 2519 perturbabant.
576 2475 704 2508 etenim
745 2475 872 2508 multas
911 2485 952 2508 ac
990 2475 1106 2509 varias
1146 2485 1190 2508 ex
1225 2475 1447 2519 aegritudine
1475 2476 1635 2511 miserias
1663 2482 1698 2510 et

245 2522 506 2556 sollicitudines
533 2521 707 2565 obrepere
732 2522 835 2555 simul
862 2526 898 2555 et
922 2523 958 2555 in
983 2531 1111 2566 graves
1139 2521 1264 2565 capitis
1299 2522 1474 2556 cruciatus
1498 2524 1596 2556 coire
1611 2534 1695 2558 sen-

245 2569 395 2610 tiebam3
422 2574 457 2602 et
487 2579 590 2612 quum
620 2569 780 2602 custodia
804 2568 911 2612 plena
944 2575 1039 2603 esset
1062 2569 1285 2602 immanitatis
1318 2579 1435 2613 neque
1475 2569 1586 2604 ullum
1618 2580 1696 2604 om..

245 2616 331 2649 nino
358 2616 558 2648 admitteret
582 2615 769 2658 solatium,
801 2617 904 2649 etiam
928 2617 1041 2650 omnis
1070 2626 1151 2660 spes
1176 2615 1350 2649 libertatis
1376 2615 1436 2650 vel
1462 2617 1504 2650 ad
1530 2617 1695 2662 exiguum

246 2663 416 2706 temporis
444 2662 591 2706 spatium
617 2663 879 2706 recuperandae
905 2664 1120 2705 evanuisset,
1146 2662 1317 2707 siquidem
1345 2669 1610 2706 persecutorum
1636 2664 1695 2697 fn-

249 2719 309 2744 ror
333 2709 487 2743 nondum
512 2709 748 2753 deferbuerat,
776 2711 837 2744 sed
862 2711 979 2753 potius
1013 2710 1134 2754 plures
1175 2714 1283 2743 noctu
1318 2709 1448 2754 diuque
1484 2711 1520 2743 in
1553 2710 1696 2746 vincula
