1786 3138
126 154 149 163 “·
123 132 533 205 · “ιιιςι·οιιιΔΕ
570 152 919 207 mmmmm
934 161 1138 207 xxxvii.
1165 124 1418 208 20—24.
1516 153 1612 213 541

110 211 397 329 ἑ;α’πορρήτων
427 267 597 326 ὄργι’ων.
667 267 794 312 ἔπειτ’
825 270 989 312 ἐκεῖθεν
1032 267 1107 312 miv
1119 270 1181 313 ’ἐν
1209 272 1271 327 τιὶῒ
1298 269 1416 327 κήπω
1448 270 1618 353 ἐνουρεῐ

100 324 127 386 ζ’-
128 331 382 391 ’καθήμενος
408 337 466 394 τῇ
490 338 575 379 τῶν
602 339 800 394 πρασιῶν
832 336 942 395 χλόῃ
990 354 1060 380 και
1094 337 1190 396 πόα,
1223 336 1384 394 ὁπόσην
1412 338 1486 380 καί
1519 337 1613 380 οἷαν

113 396 214 445 διὰ
241 400 289 446 τό
319 400 488 446 οἴκοθεν
517 419 699 459 ευοσμον
718 410 811 456 ταῖς
832 404 1015 462 χύτραις
1044 405 1333 460 ἐμβάλλουσιν
1362 403 1401 462 οἱ
1428 403 1505 456 τὰς
1529 407 1613 448 τῶν

105 486 108 527 j
135 467 386 525 ’ἕδεσμάτων
429 465 720 527 ἓτοιμάζοντες
749 474 803 530 τῇ
833 474 908 516 τοῦ
938 472 1209 530 πατριάρχου
1249 473 1440 530 τραπὲζη
1471 488 1610 514 ποικι-

91 535 107 585 ῤ
125 535 246 587 Mac.
303 535 392 579 και
406 535 541 592 ἧμῶν,
574 539 695 595 φασί,
726 541 802 595 τῆν
835 540 975 583 αἰτίαν
1003 540 1079 583 τοῦ
1102 538 1368 595 τολμήματος
1397 540 1611 597 ἐρομένων
1628 550 1702 584 28

86 610 97 625 ”
137 603 213 647 και
242 601 357 656 απαξ
386 605 463 648 καὶ
493 605 570 656 δίς,
602 605 725 655 οῦδὲν
750 609 914 657 ἐκεῖνος
942 606 1027 688 ἐφη
1056 605 1202 649 καινὸν
1232 602 1342 649 εἶναι
1369 607 1504 650 τουτί·
1537 606 1611 650 καί

88 724 90 726 v
137 687 223 728 γαρ
253 670 328 715 και
355 671 476 723 κύνες
501 674 751 729 ἐνουροῦσιν
775 674 923 724 αὐταῖς
953 676 1027 717 καί
1043 678 1185 730 γαλαῖ,
1216 691 1287 717 και
1310 667 1468 731 κόπρια
1485 675 1608 732 ἐπιρ-

140 740 339 796 ραίνουσι
371 739 490 793 ζώων
523 740 687 797 άλόγων
715 757 759 784 τε
788 759 857 784 και
893 741 1146 799 ἀνθρώπων,
1178 758 1212 784 ει
1240 742 1362 796 τύχοι
1391 758 1494 785 που·
1535 743 1610 786 και

88 824 94 835 ²
133 803 181 849 τὰ
210 807 375 848 κωλῦον
414 806 549 850 οὖδέν.
614 807 847 851 καὶταῦτα
891 809 970 864 μὲν
1013 809 1208 864 ἐρόμενοι
1243 808 1520 864 ἠκηκόεισαν,
1553 808 1610 860 αἷς

98 872 289 916 ’ἐκεῖνοι
319 874 477 931 φασίν·
542 873 570 916 ἃ
600 876 647 918 δὲ
677 875 834 927 ἰδόντες
862 877 962 932 σιγῇ
990 876 1069 930 μὲν
1099 877 1163 918 ἐπ’
1195 876 1356 918 ἐκείνου
1389 877 1607 933 παραδόν-

75 962 82 980 ·.
132 955 201 991 τες
231 939 386 996 ἥκιστα
428 939 600 999 ἤροντο,
628 942 903 998 πεπεισμένοι
942 943 1038 985 λίαν
1083 942 1234 985 ἀνόσιά
1260 958 1305 984 τε
1345 944 1418 986 καί
1445 944 1608 999 βέβηλα

76 1037 107 1052 0
134 1002 245 1050 εἶναι
273 1009 348 1051 καί
378 1005 577 1066 ἄντικρυς
599 1011 848 1065 διαβολικῆς
878 1009 982 1066 ἔργα
1005 1011 1298 1061 διδασκαλίας)
1327 1015 1416 1060 τοῖς
1444 1013 1482 1053 δ’
1513 1012 1606 1052 ἐπι-

116 1075 309 1127 σκόποις
351 1075 567 1131 ἐμήνυσάν
595 1093 640 1119 τε
681 1076 756 1119 καί
798 1076 1139 1128 διεκωδώνισαν,
1181 1079 1296 1120 ταῦτ’
1338 1074 1502 1134 ἄρρητα
1527 1079 1606 1132 μὲν

91 1179 93 1181 .
134 1139 306 1198 ἄμεινον
347 1146 545 1195 κεῖσθαι·
615 1142 737 1186 ἴσασι
779 1142 861 1200 γὰρ
905 1142 942 1185 οἱ
983 1142 1058 1193 τὰς
1104 1146 1402 1201 τομογραφίας
1442 1146 1605 1196 ἐκείνας

29 1267 30 1270 ¹
87 1206 90 1207 ⁷
134 1208 411 1266 ἀνεγνωκότες
437 1210 512 1254 καὶ
543 1210 867 1268 ἀποφηνάμενοι
905 1212 1209 1253 Μασαλιανῶν
1240 1206 1346 1253 εἶναι
1378 1210 1431 1254 τὰ
1460 1212 1604 1256 τοιάδε

106 1277 214 1320 >cdiv
254 1280 466 1334 μυσαρῶν
496 1275 856 1335 ἐπιτηδευμάτων.
930 1278 1185 1334 μεμνήμεθα
1218 1277 1300 1335 γὰρ
1346 1277 1402 1329 ὥς
1431 1279 1505 1321 καί
1533 1278 1604 1322 ἐπὶ
1619 1294 1695 1328 24

70 1455 71 1458 Ἴ
128 1409 231 1467 ἡμῖν
259 1412 303 1463 ἐξ
332 1427 461 1468 ορους
479 1414 555 1455 τοῦ
576 1411 702 1457 ’Ἀθω
727 1412 994 1467 κεκόμισται,
1022 1417 1115 1463 ταῖς
1135 1413 1303 1455 πάντων
1333 1412 1488 1466 σχεδὸν
1515 1430 1600 1457 των

59 1492 72 1526 2:
127 1479 220 1523 ἐκεῖ
241 1469 435 1535 λογάδων
471 1478 793 1535 σεσημασμένος
822 1477 1118 1536 ὗπογραφαῖς,
1147 1496 1217 1522 και
1250 1479 1334 1536 πρό
1359 1496 1406 1536 γε
1433 1482 1600 1524 πάντων

9 1576 15 1584 .
49 1546 212 1598 ,ςᾱοκάι
226 1544 336 1600 μετὰ
366 1545 537 1589 πάντων
557 1548 632 1590 τοῦ
660 1549 887 1603 τηνικαῦτα
931 1545 977 1589 τὸ
1008 1553 1216 1604 πρωτεῖον
1244 1547 1414 1601 ἔχοντος
1438 1547 1597 1600 Ἰσαάκ,

104 1613 200 1660 καὶ
229 1631 318 1669 αμα
362 1615 438 1657 τοῦ
479 1614 852 1671 άρχιερατεύοντος
896 1614 972 1657 καί
1013 1616 1341 1664 ἐπισκοποῦντος
1373 1615 1465 1659 ἐκεῖ
1489 1614 1597 1670 μετὰ

15 1735 43 1740 ..
124 1683 198 1737 τῆς
235 1683 310 1724 τοῦ
350 1681 587 1737 πνεύματος
626 1682 806 1739 χάριτος
849 1683 970 1726 θείου
1016 1682 1188 1739 ἀνδρός,
1234 1683 1372 1738 δηλῶν
1411 1683 1466 1739 τῇ
1495 1685 1597 1724 καθ’

48 1759 62 1807 ’ἡ
124 1746 240 1805 ἡμᾶς
268 1747 367 1808 ἱερᾷ
382 1748 559 1807 ’συνόδῳ
604 1750 763 1800 πάντας
792 1750 978 1800 ἐκείνους
1018 1749 1223 1805 ὀνομαστὶ
1261 1750 1335 1792 καί
1363 1752 1465 1792 καθ’
1495 1750 1596 1794 ἕκα-

125 1961 183 1992 tor
218 1961 297 2000 est,
334 1960 370 1991 et
395 1957 646 2002 mysteriorum
685 1957 855 2003 magister
890 1961 925 1991 et
950 1957 1111 1991 initiator
1148 1967 1358 1992 arcanorum
1400 1957 1594 2004 orgiorum.

125 2010 208 2051 post
250 2004 340 2040 baec
371 2010 488 2039 nutem
527 2005 553 2038 it
582 2005 622 2039 ad
659 2004 778 2039 locum
812 2005 937 2039 urinae
976 2010 1012 2039 et
1039 2005 1140 2039 sedet
1171 2006 1207 2039 in
1243 2005 1363 2039 herbis
1401 2006 1525 2040 viridis
1560 2009 1596 2041 et

124 2052 359 2109 graminibus,
386 2052 506 2098 qualia
533 2053 626 2086 domi
651 2058 797 2097 propter
823 2052 952 2086 bonum
983 2053 1126 2087 odorem
1153 2053 1237 2087 ollis
1261 2054 1427 2087 iniiciunt
1451 2054 1511 2098 qui
1539 2054 1595 2088 ci-

124 2100 190 2137 bos
213 2101 333 2135 varios
359 2106 485 2145 parant
509 2111 653 2134 mensae
678 2101 914 2144 patriarchae.
964 2100 1067 2135 nobis
1092 2106 1222 2143 autem,
1247 2101 1424 2146 inquiunt,
1454 2112 1594 2136 causam

124 2147 230 2183 huius
256 2149 335 2182 miri
361 2149 415 2182 rei
440 2148 647 2193 rogantibus
675 2149 779 2182 etiam
805 2154 912 2193 atque
940 2149 1058 2192 etiam,
1083 2158 1169 2191 non,
1193 2149 1378 2193 respondit
1404 2148 1483 2192 ille,
1513 2160 1594 2184 esse

124 2195 160 2231 id
186 2201 256 2230 tam
282 2196 489 2230 mirandum.
540 2206 618 2230 nam
647 2201 682 2230 et
707 2207 813 2230 canes
848 2197 1089 2240 commingere
1119 2206 1178 2230 eas
1216 2201 1251 2230 et
1277 2196 1367 2230 feles
1395 2202 1430 2231 et
1455 2202 1592 2231 stercus

123 2243 175 2278 ibi
200 2243 321 2278 facere
342 2244 475 2278 bestias
501 2250 536 2278 et
559 2245 657 2288 ipsos
684 2244 846 2278 homines
873 2244 902 2277 si
929 2244 1068 2289 quando
1092 2244 1303 2278 necessitas.
1338 2255 1456 2290 neque
1486 2245 1593 2290 quid-

124 2301 227 2337 quam
257 2301 320 2325 eos
344 2291 530 2336 impedire.
591 2292 679 2325 haec
719 2292 828 2336 igitur
863 2292 905 2326 ad
944 2297 1105 2337 rogatum
1139 2297 1354 2336 acceperant
1386 2297 1425 2325 ut
1457 2292 1590 2327 dicunt.

123 2338 187 2373 sed
213 2338 282 2373 alia
309 2349 401 2384 quae
435 2339 758 2373 animadverterant
789 2340 887 2373 taciti
926 2345 961 2374 et
994 2340 1037 2373 de
1063 2339 1190 2384 quibus
1229 2350 1307 2373 eum
1332 2350 1405 2373 non
1432 2349 1591 2385 rogave-

122 2391 214 2428 runt,
243 2397 349 2431 quum
375 2387 442 2421 sibi
470 2398 676 2431 persuasum
717 2387 891 2421 haberent
924 2388 1031 2431 impia
1068 2398 1108 2421 ea
1142 2397 1221 2420 esse
1255 2392 1291 2420 et
1321 2388 1529 2422 detestanda
1556 2393 1591 2422 et

122 2433 323 2468 diabolicae
350 2434 534 2469 doctrinae
561 2445 684 2478 opera,
711 2445 874 2480 quaeque
913 2435 1092 2479 episcopis
1124 2434 1323 2468 retulerant
1348 2441 1383 2469 et
1409 2445 1590 2479 exposue-

121 2487 216 2524 runt,
242 2482 332 2516 baec
357 2482 486 2516 melius
514 2488 567 2517 cst
592 2484 628 2515 in
654 2484 804 2516 secretis
830 2484 963 2516 iacere.
1020 2484 1137 2516 sciunt
1163 2483 1254 2516 enim
1281 2484 1340 2527 qui
1366 2484 1500 2527 scripta
1525 2482 1590 2517 illa

119 2528 289 2574 legerunt
314 2534 349 2563 et
373 2530 571 2564 docuerunt
598 2530 701 2563 foeda
731 2541 771 2563 ea
799 2530 1168 2566 esse‘masalianorum
1195 2530 1365 2564 instituta.
1415 2532 1482 2565 iam
1510 2542 1588 2565 me-

121 2577 285 2611 minimus
312 2578 482 2622 scriptum
509 2578 573 2611 sub
600 2578 801 2622 patriarcha
827 2578 961 2612 Ioanne
1000 2578 1200 2623 quindecim
1230 2577 1306 2612 fere
1331 2578 1462 2612 abhinc
1486 2579 1588 2613 annis

119 2623 223 2659 nobis
250 2634 294 2658 ex
321 2625 414 2660 Atho
448 2631 567 2659 monte
605 2626 748 2667 editum,
775 2626 832 2658 cui
871 2626 947 2659 fere
976 2626 1129 2659 omnium
1155 2626 1203 2658 ibi
1234 2625 1437 2670 degentium
1461 2636 1589 2660 mona-

121 2671 266 2706 chorum
305 2673 446 2706 nomina
487 2673 685 2716 subscripta
720 2678 813 2714 sunt,
851 2679 886 2707 et
911 2674 1004 2707 inter
1030 2673 1100 2706 alia
1126 2673 1287 2717 inprimis
1320 2674 1432 2708 Isaaci
1456 2684 1587 2708 nomen

115 2720 181 2764 qni
208 2729 251 2753 eo
279 2721 357 2763 ipso
387 2725 550 2765 tempore
577 2720 761 2776 plurimam
799 2721 847 2755 ibi
879 2722 1084 2766 dignitatem
1111 2720 1317 2763 obtinebat,
1353 2727 1388 2755 et
1431 2723 1588 2766 patriar..

119 2767 208 2806 chae
235 2767 311 2802 eius
337 2765 409 2801 loci
444 2774 479 2803 et
517 2769 677 2814 episcopi
704 2769 763 2815 qui
789 2769 844 2805 vir
869 2774 945 2803 erat
980 2768 1108 2815 plenus
1144 2769 1291 2815 spirito
1302 2770 1440 2806 divino.
1491 2769 1586 2818 qnod

126 1341 327 1386 Ἰωάννου
354 1346 431 1386 τοῦ
459 1345 730 1402 πατριάρχου
759 1344 841 1400 πρὸ
870 1345 973 1386 ἐτῶν
994 1343 1114 1401 ἐγγὺς
1147 1346 1443 1388 πεντεκαίδεκα
1474 1345 1602 1401 τόμος
1614 1359 1639 1395 f,
1657 1360 1727 1398 267
1743 1372 1775 1398 a,
