1826 3120
239 138 334 197 am
562 112 566 117 ’
648 142 943 190 mcm‘nom
990 144 1294 198 canaonas

233 249 419 304 γνωστὸν
449 248 549 307 ἡμῖν
579 247 748 294 δύναται
783 254 974 307 γίνεσθαι
1009 255 1083 296 τοῦ
1103 255 1223 295 ’θεοῦ
1238 275 1240 277 ·
1268 252 1338 296 διιὶ
1368 255 1450 297 τῶν
1481 258 1693 313 φαινομέ..

236 334 318 362 νων
349 319 479 360 αὐτοῦ
502 322 573 360 καί
613 323 902 374 πεποιημένων
948 322 1164 374 ἐνεργειῶν
1191 324 1264 363 καί
1291 322 1533 376 δυνάμεων,
1562 326 1688 366 τοῦτο

235 390 320 433 τοῖς
349 385 393 426 ἐκ
423 386 644 441 διαφόρων
689 387 971 440 ἐτυμολογιῶν
1000 383 1199 440 ὀνόμασιν
1230 388 1425 443 ἀλλήλοις
1461 387 1691 445 ἐπισημαι-

235 452 398 504 νόμεθα
430 458 521 500 ταῖς
550 458 777 506 γνωμικαῖς
817 451 886 503 ἐξ·
905 452 1086 508 οἷνάγκης
1120 454 1240 532 ἡμῶν
1270 454 1374 497 κατὰ
1408 454 1454 498 τό
1485 456 1689 519 ἀνάλογον

232 520 423 572 χρείαις,
464 520 539 561 ου’κ
575 518 766 569 ἀτάκτως
795 522 866 571 δέ,
899 537 967 562 και
1000 520 1056 569 ὦς
1084 518 1242 579 ἑκάστῳ
1271 519 1320 564 τοὶ
1349 524 1422 577 τῆς
1447 522 1722 602 βοιιλησεωςό

235 584 471 640 ὖποτιᾋθησι
502 578 706 641 δρῶντες,
740 586 847 630 duci
879 593 964 638 τοῖς
1000 605 1082 630 των
1112 591 1240 630 θείων
1275 591 1468 644 πατέρων
1495 586 1689 668 ἑπόμενοι

144 657 219 690 69
235 651 439 707 δόγμασιν
469 670 572 707 αχρι
600 670 667 695 και
701 655 774 709 τῆς
803 653 1013 711 τυχούσης
1042 658 1252 710 γραμμῆς.
1313 657 1477 711 πρῶτον
1500 658 1580 708 μὲν
1604 655 1687 713 γάρ

235 717 255 758 ὅ
288 717 426 774 σωτὴρ
457 717 501 762 ἐν
528 721 790 775 ειῖαγγελίοις
820 723 1032 777 μηδεμιᾶς
1073 728 1355 778 καταφρονεῖν
1389 729 1594 779 παραινεῖ1
1618 739 1689 767 κε-

233 789 354 841 ραίας
383 789 464 829 τῶν
494 789 538 830 ἐν
563 786 785 842 γράμμασι
831 789 960 830 θείων
984 790 1119 831 αὐτοῦ
1149 787 1484 843 προσταγμάτων
1519 794 1596 834 καί
1619 792 1689 833 έν-

173 867 176 871 ·
231 855 386 894 τολων·
446 871 504 895 ων
531 856 605 895 οὐκ
636 850 717 896 οἶδ’
749 851 973 909 ὁπότερον·
1021 851 1048 910 ἢ
1090 873 1170 910 γαρ
1203 871 1277 898 ουκ
1307 853 1499 936 ἀκήκοας.
1515 855 1589 911 ἔτι,
1618 874 1686 900 και
1682 857 1746 896 '10

229 921 347 961 ταῦτ’
375 919 419 962 ἐν
447 921 686 970 ἐπισκόποις
719 922 821 978 (φεῦ
843 925 914 976 τῆς
937 922 1132 980 α’τοπίας)
1165 924 1309 976 τελων,
1341 919 1369 978 ἢ
1397 922 1580 974 α’κοῦσας
1609 927 1686 971 ουκ

228 978 380 1042 ᾔσθου.
453 984 587 1028 ἔπειθ’
643 980 712 1030 ὧν
742 986 871 1038 αὐτὸς
916 989 1159 1043 διαβάλλεις
1210 988 1282 1031 τὸν
1322 990 1421 1033 νοῦν
1476 990 1685 1045 θεολόγων

229 1055 302 1106 τῆς
333 1055 551 1109 ἐκκλησίας
594 1055 785 1109 α’νδρων,
821 1056 842 1096 ὁ
881 1059 958 1109 μὲν
990 1057 1033 1097 ἐν
1061 1058 1253 1113 θεολογία
1288 1059 1414 1111 μέγας
1457 1054 1687 1112 Γρηγὸριος

222 1115 372 1173 “rja-stc
403 1119 476 1161 δέ”
503 1137 632 1176 φησιν
659 1118 713 1164 ζεἰ
733 1138 802 1164 και
822 1126 950 1177 μέχρι
979 1125 1048 1177 τῆς
1068 1122 1201 1177 τυχοι’
1205 1140 1279 1179 σης
1300 1124 1470 1178 κεραίας
1491 1142 1515 1179 η
1546 1141 1687 1180 γραμ-

214 1189 307 1242 ,μῆς
336 1188 412 1228 τοῦ
444 1187 679 1239 πνεύματος
708 1189 782 1242 τήν
813 1189 1029 1244 α’κριβειαν
1060 1191 1256 1244 έλκοντες,
1292 1206 1445 1232 ουποτε
1477 1192 1683 1250 δεξόμεθα
1700 1204 1743 1239 15

229 1250 299 1308 (οὗ
329 1252 408 1308 γάρ
442 1249 577 1310 όσιον)
613 1255 714 1298 ου’δὲ
747 1255 822 1304 τὰς
845 1258 1071 1310 έλαχιστας
1102 1258 1270 1311 πράξεις
1300 1249 1390 1315 εἰκῇ
1407 1258 1685 1313 σπουδασθῆ-

226 1336 295 1363 ναι
324 1326 409 1370 τοῖς
437 1321 713 1375 ἅναγράψασι
746 1322 818 1365 καί
848 1323 976 1377 μέχρι
1021 1325 1096 1366 τοῦ
1125 1323 1330 1378 παρόντος
1354 1325 1494 1382 μνήμη
1526 1328 1686 1373 διασω-

226 1389 380 1451 θῆναι,
425 1387 515 1429 ἀλλ’
558 1390 609 1429 ἵν’
638 1388 756 1442 ἡμεῖς
797 1388 961 1443 ἔχωμεν
1008 1391 1390 1445 ὕπομνήματακαί
1415 1393 1684 1446 παιδεύματα

226 1455 299 1508 τῆς
327 1456 408 1496 ταῖν
438 1452 594 1507 ὅμοίων
633 1455 770 1498 εἴποτε
817 1461 1026 1509 συμπέσοι
1054 1455 1215 1517 καιρός
1251 1459 1539 1514 διασκέψεως,
1578 1454 1684 1502 (ὅστε

225 1520 273 1564 τὰ
307 1523 385 1575 μὲν
413 1522 585 1578 φεύγειν
617 1522 667 1565 τὰ
700 1524 746 1565 δὲ
775 1522 1010 1578 αἱρεῖσθαι,
1043 1518 1129 1565 οἷον
1154 1524 1300 1566 κανόσι
1324 1527 1397 1567 καί
1423 1523 1570 1575 τύποις
1601 1531 1741 1577 roa-20

141 1595 212 1630 '2⁰
227 1590 512 1642 προλαβοῦσιν
538 1586 731 1642 ἑπόμενοι
763 1591 1143 1644 παραδειγμασιν.”
1170 1589 1190 1631 ὅ
1222 1591 1267 1632 δὲ
1300 1594 1432 1646 μέγας
1459 1594 1684 1642 Βασίλειος

221 1654 358 1710 “xpri”
388 1671 494 1711 φησι
519 1652 617 1697 ζ(τόν
645 1654 727 1711 πρό
760 1656 999 1712 ὀφθαλμῶν
1027 1655 1177 1710 ἔχοντα
1215 1658 1262 1699 τὸ
1291 1659 1363 1700 τοῦ
1393 1661 1589 1713 Χριστοῦ
1619 1660 1685 1701 δι-

231 1719 470 1778 καστήριον,
505 1724 579 1765 καί
609 1724 749 1767 εἰδότα
783 1721 878 1773 ὅσος
909 1723 1134 1774 ὃκίνδυνος
1153 1725 1325 1781 α’φελεῖν
1352 1742 1393 1768 τι
1421 1719 1449 1781 ἢ
1478 1729 1685 1782 προσθεῖ-

225 1933 465 1977 significamus
489 1932 689 1967 nominibus
715 1933 828 1967 ductis
857 1944 900 1967 ex
925 1933 1075 1967 diversis
1099 1932 1339 1966 notationibus
1365 1934 1569 1968 necessario
1594 1945 1681 1979 pro-

224 1986 303 2025 pter
330 1991 427 2014 usum
465 1986 622 2014 nostrum
657 1981 909 2014 sententiarum
949 1982 991 2014 ad
1029 1980 1294 2014 similitudinem
1331 1980 1575 2024 formatarum3
1609 1992 1681 2015 non

225 2033 340 2061 autem
370 2028 447 2061 sine
474 2028 600 2072 regula
625 2034 661 2062 ut
688 2029 816 2072 cuique
842 2027 1006 2062 voluntas
1043 2029 1216 2073 suggerit,
1247 2027 1315 2060 hoc
1348 2027 1508 2070 facimus,
1535 2029 1597 2063 sed
1622 2030 1680 2063 di-

224 2076 387 2109 vinorum
415 2081 550 2118 patrum
577 2076 758 2119 sequimur
784 2076 958 2120 dogmata,
985 2076 1088 2108 immo
1122 2075 1225 2108 etiam
1250 2074 1372 2108 literas
1401 2075 1575 2110 fortuitas.
1603 2077 1680 2120 pri-

224 2132 315 2155 mum
343 2123 434 2155 enim
461 2129 624 2156 servator
652 2124 687 2155 in
717 2122 916 2167 evangeliis
944 2128 1087 2165 monet,
1115 2133 1161 2155 ne
1187 2127 1448 2155 contemnamus
1476 2133 1522 2155 ne
1542 2123 1679 2167 apicem

223 2169 366 2213 quidem
392 2169 503 2203 ullum
530 2171 703 2203 iussorum
732 2176 767 2203 et
792 2170 1031 2203 mandatorum
1062 2171 1142 2203 eius
1182 2169 1378 2202 divinorum
1409 2180 1499 2213 quae
1525 2171 1561 2203 in
1586 2171 1676 2204 scri-

223 2222 325 2261 ptura
348 2218 599 2260 reperiuntur:
630 2227 775 2261 quorum
795 2218 916 2250 nescio
943 2223 1086 2269 utrum,
1095 2222 1154 2250 aut
1172 2216 1261 2249 enim
1286 2225 1357 2248 non
1383 2217 1550 2251 audivisti
1575 2217 1678 2259 haec,

225 2274 302 2297 curn
329 2264 432 2297 etiam
454 2263 542 2297 haec
569 2265 682 2297 adhuc
712 2270 834 2298 contra
855 2265 1056 2308 episcopos,
1081 2259 1143 2307 'pro
1159 2263 1324 2307 ineptias,
1354 2273 1452 2307 agas,
1478 2270 1538 2297 aut
1562 2275 1676 2310 quan-

224 2321 325 2356 quam
354 2312 543 2354 audivisti,
578 2322 648 2345 non
677 2312 899 2346 intellexisti.
950 2312 1077 2345 deinde
1099 2311 1348 2355 theologorum
1382 2311 1558 2345 ecclesiae
1585 2321 1678 2356 quo-

223 2369 298 2392 rum
324 2364 362 2391 tu
388 2359 506 2392 diss'ers
533 2359 754 2392 sermonibus
781 2360 975 2393 sententias
1000 2369 1145 2402 magnus
1179 2358 1243 2391 ille
1271 2357 1407 2400 quidem
1433 2359 1468 2391 in
1494 2358 1678 2403 theologia

225 2406 439 2450 Gregorius:
467 2416 533 2440 nos
559 2412 688 2448 autem,
716 2407 842 2450 inquit,
870 2407 956 2440 licet
983 2407 1085 2439 etiam
1115 2408 1151 2438 in
1178 2405 1322 2439 fortuito
1349 2406 1452 2448 apice
1475 2411 1535 2439 aut
1562 2405 1676 2439 literis

223 2453 368 2496 spiritus
395 2454 657 2487 accurationem
679 2453 899 2495 adhibentes,
925 2463 1101 2498 nunquam
1120 2452 1255 2496 capturi
1283 2452 1415 2486 simus:
1443 2463 1561 2497 neque
1587 2453 1677 2486 enim

224 2506 277 2534 est
302 2500 443 2541 iustum,
471 2502 629 2534 minimas
658 2511 798 2545 quoque
827 2512 885 2535 res
911 2506 1044 2534 temere
1078 2500 1218 2534 tractari
1249 2509 1267 2530 a
1295 2500 1526 2543 scriptoribus
1554 2505 1589 2534 et
1614 2510 1677 2534 us-

223 2558 292 2591 que
318 2547 360 2580 ad
386 2547 454 2580 hoc
480 2553 616 2592 tempus
643 2549 811 2581 memoria
837 2549 997 2589 servari,
1024 2547 1147 2581 saltem
1173 2552 1211 2579 ut
1237 2545 1425 2580 habeamus
1454 2547 1677 2581 recordatio.

221 2605 300 2627 nem
330 2600 364 2627 ct
389 2595 645 2628 institutionem
682 2595 949 2630 deliberationis
984 2595 1169 2636 similium,
1212 2594 1402 2627 occasione
1438 2595 1540 2637 data,
1567 2595 1616 2628 ita
1641 2598 1679 2626 ut

224 2641 311 2674 haec
338 2641 524 2685 fugiamus,
552 2643 615 2676 illa
640 2642 880 2685 praeferamus
918 2648 1082 2686 tanquam
1108 2640 1251 2685 regulas
1287 2646 1322 2673 et
1348 2647 1538 2686 prototypa
1565 2641 1679 2676 secuti

229 2689 434 2732 praeeuntia
471 2689 643 2733 exempla.
705 2700 851 2733 magnus
885 2695 999 2722 autem
1025 2688 1177 2722 Basilius
1224 2693 1384 2731 oportet,
1423 2689 1561 2733 inquit,
1588 2698 1679 2730 eum,

230 2737 288 2781 qui
317 2741 399 2769 ante
427 2736 552 2772 oculos
579 2736 684 2770 habet
709 2736 839 2773 Christi
865 2738 1032 2771 iudicium
1052 2747 1168 2781 neque
1193 2736 1334 2781 ignorat
1357 2742 1522 2782 quantum
1535 2736 1679 2781 pericu..
