1826 3120
140 147 156 165 ⁸*
215 143 314 192 302
629 113 923 195 NICEPHORI
965 145 1270 193 GREGORAE

215 253 412 298 ἐναντίων
455 254 614 311 λόγον.”
687 252 793 313 ὥστε
844 257 1072 298 πολυθεΐαν
1115 252 1421 309 ἀγωνιζόμενος
1471 256 1672 302 aanor&

215 319 349 371 ἑάλως
377 322 450 364 καὶ
479 322 629 365 ἄθεΐαν
658 325 816 376 νοσῶν,
844 321 895 364 τὰ
939 324 984 365 ἐκ
1013 324 1240 376 διαμέτρου
1272 321 1407 374 muci„-
1462 319 1539 364 ’καί
1565 322 1673 370 πέπτ-

217 404 321 430 τωκε
353 388 420 431 διὰ
452 392 648 444 βραχέων
677 389 729 431 τὰ
757 391 840 432 τῶν
869 391 958 431 σῶν
983 386 1251 445 ἀκροπόλεων
1281 386 1570 444 ὀχυρώματα,
1600 390 1671 446 ἐφ’

217 449 279 503 οἷς
309 455 558 504 ἐπεποίθεις.
619 453 678 498 ἔτι
707 454 793 510 μὴν
821 453 965 510 ἐπειδή
995 471 1071 511 περ
1106 450 1206 497 ἄλλο
1234 451 1456 513 φῂςῖεἶνξαι
1485 455 1530 498 τό
1561 453 1672 511 ἔχοκ,

217 517 318 562 ἄλλο
347 522 393 563 δὲ
422 520 468 563 τὸ
498 518 617 564 ἑκτὸν
663 521 735 563 καί
762 518 996 577 διάφορον,
1024 522 1155 578 φαίης
1199 517 1251 563 ἄν
1291 520 1364 563 καὶ
1393 516 1494 564 ἄλλο
1520 524 1602 575 μὲν
1629 523 1706 576 ἔξδ

133 634 141 650 l
217 586 398 641 α’νὰγκης
427 583 533 629 εἶναι
562 586 634 630 τὸν
662 589 786 641 θεόν,
819 584 922 630 ἄλλο
949 590 994 631 δὲ
1021 587 1095 644 τὴν
1134 583 1315 642 ὕπαρξιν
1340 588 1498 630 αὐτοῦ·
1555 591 1675 644 ure,-

42 665 66 700 f.
86 662 152 701 142
167 675 201 700 v.
216 670 282 695 ται
312 652 392 707 γὰρ
434 653 454 694 ὅ
485 653 586 703 θεὸς
625 656 698 696 καί
727 656 876 698 ου’σίαν
917 653 1031 709 ἔχειν
1068 653 1140 696 καί
1167 651 1361 708 ὕπαρξιν.
1435 651 1555 697 ἔσται
1586 650 1672 710 ἆρα

127 733 197 766 48
216 717 317 761 κατὰ
350 723 396 762 σὲ
426 720 522 769 θεὸς
553 719 817 775 α’νύπαρκτος
842 724 915 763 καί
943 718 1122 776 ὕπαρξις
1152 723 1256 763 θεοῦ
1284 716 1420 770 ἔθεος.
1446 713 1454 721 “
1476 721 1551 763 καὶ
1575 724 1676 777 περὶ

214 789 288 840 τῆς
316 785 522 841 ἐνεργείας
551 788 590 828 ‹5’
620 786 771 839 ὁμοίως
802 791 968 830 λεκτέον
989 787 1061 828 καί
1087 789 1331 842 ἐρωτητέον,
1361 787 1401 829 εἶ
1428 786 1454 842 ἧ
1484 785 1672 842 ἐνέργεια

214 850 302 906 ἔχει
332 853 542 908 ἐνέργειαν
583 849 726 908 ἄλλην.
799 856 839 896 εἰ
863 852 943 909 γάρ
978 852 1081 908 ἔχει,
1115 853 1190 896 δύο
1222 849 1332 909 ἄρα·
1408 856 1481 896 καί
1511 851 1556 896 εἴ
1579 854 1668 907 δύο,
1688 862 1731 897 10

214 919 400 974 διάφορα
429 919 619 969 πάντως·
663 917 764 962 ἄλλο
791 920 875 975 γὰρ
907 922 993 962 δεῖν
1026 919 1130 963 εἶναι
1159 919 1263 977 ἔφης
1293 922 1367 962 τοῦ
1391 922 1593 975 ἐχομένου
1625 920 1671 972 τὸ

214 982 324 1038 ἔχον.
358 985 428 1027 καί
451 987 616 1040 γίνεταί
635 1003 695 1036 τις
717 988 1032 1043 τερατόμορφος
1063 985 1411 1043 ἐνεργοενέργεια.
1469 987 1511 1029 εἰ
1532 989 1582 1030 δὲ
1611 986 1670 1044 μή

213 1052 347 1104 τοῦτο,
382 1052 458 1092 ov'x
490 1050 540 1094 ἂν
570 1052 633 1109 εἴη
665 1054 736 1108 τὴν
768 1055 980 1108 ἐνέργειαν
1012 1051 1126 1107 ἔχειν
1156 1052 1384 1109 ἐνέργειαν.
1459 1055 1532 1096 καί
1560 1071 1674 1109 συμ-

212 1115 385 1171 βήσεται
428 1120 502 1172 τὴν
539 1118 737 1175 τοιαύτην
778 1121 987 1174 ἐνέργειαν
1030 1121 1305 1174 α’νενέργητον
1341 1115 1467 1165 εἶναι.
1545 1119 1590 1163 τό
1636 1123 1700 1181 δ’Ι

215 1184 484 1240 α’νενέργητον
521 1187 593 1227 καί
627 1184 890 1242 α’νύπαρκτον
922 1191 1018 1229 καθ’
1059 1184 1109 1242 ἢν
1146 1183 1453 1244 βωμολοχὴσας
1479 1186 1673 1244 nond-9²7-
1687 1195 1729 1229 15

214 1267 290 1299 κας
319 1253 437 1292 θέσιν
478 1268 519 1294 τε
562 1255 634 1294 καί
665 1254 871 1307 πρότασιν
908 1250 1044 1303 αὗτός.
1116 1253 1159 1296 τὸ
1204 1252 1285 1308 γάρ
1321 1252 1381 1309 μὴ
1411 1253 1529 1312 ἔχον,
1554 1253 1670 1312 ἔφης,

211 1318 426 1371 ἐνέργειαν
459 1313 544 1360 οὔτ’
578 1317 692 1360 ἔστιν
720 1315 815 1361 οὔτε
844 1321 885 1361 τί
917 1319 1043 1364 ἐστιν.
1114 1314 1200 1362 οὔτ’
1232 1319 1319 1363 ἔστι
1346 1323 1556 1370 παντελοῦς
1587 1321 1672 1363 αὖ-

217 1385 293 1424 τοῦ
321 1385 454 1437 θέσις,
486 1384 558 1426 καί
588 1385 781 1428 α’πόλωλέ
807 1402 874 1428 σοι
904 1386 947 1428 τὸ
968 1386 1224 1440 σπούδασμα
1253 1389 1308 1428 δι’
1336 1387 1477 1442 ὅλίγου
1499 1386 1572 1429 καί
1599 1390 1673 1442 τῆς

215 1452 441 1505 μοχθηρᾶς
469 1458 673 1506 γεωργιας
702 1451 723 1492 ὅ
752 1452 921 1508 στάχυς,
952 1447 977 1507 ἢ
1009 1452 1051 1502 ἐς
1078 1453 1341 1509 ἀνύπαρκτον
1371 1451 1481 1509 ἡμᾶς
1511 1455 1673 1509 δογμα-

129 1530 202 1565 49
216 1517 363 1567 τι’ζοντι
396 1517 606 1559 πιστεύειν
643 1515 670 1573 ἦ
710 1520 768 1568 εἰς
798 1518 1000 1562 σύνθετον
1037 1518 1230 1575 θεότητα.
1303 1522 1566 1563 ἐναντιοῦται
1595 1519 1670 1576 γάρ
1685 1534 1730 1569 20

218 1598 284 1625 σοι
315 1585 388 1625 καί
425 1583 446 1624 ὃ
478 1587 593 1634 θεῖος
627 1582 869 1642 Κύριλλος,
915 1582 1071 1630 ἄτοπον
1113 1583 1219 1630 εἶναι
1263 1589 1437 1645 φάσκων
1466 1585 1510 1631 τὸ
1539 1589 1673 1642 λέγειν

215 1787 260 1823 lis
289 1793 325 1822 et
352 1788 507 1823 essentia
532 1787 588 1822 dei
619 1788 805 1823 divinitate
833 1790 1013 1824 destituta.
1048 1791 1098 1825 ait
1122 1792 1212 1825 enim
1237 1791 1340 1825 etiam
1361 1790 1552 1836 Gregorius
1576 1789 1671 1835 Nys-

217 1846 339 1871 saeus:
376 1836 406 1869 si
430 1835 560 1869 bonum
587 1842 663 1879 est,
691 1847 836 1880 pravum
861 1848 933 1871 non
960 1844 1035 1875 est:
1063 1838 1117 1872 sin
1142 1844 1257 1872 autem
1278 1849 1425 1882 pravum
1450 1844 1516 1880 est,
1542 1837 1671 1871 bonum

218 1893 290 1917 non
318 1888 391 1925 est,
427 1883 617 1917 secundum
651 1894 725 1917 eam
750 1885 947 1928 rationem,
975 1886 1065 1930 quod
1093 1886 1268 1919 contraria
1300 1885 1463 1929 componi
1487 1894 1559 1929 non
1585 1894 1672 1929 pos-

218 1936 310 1964 sunt.
342 1930 461 1974 itaque
489 1941 565 1964 cum
591 1930 720 1964 multos
746 1932 831 1965 deos
852 1942 1065 1976 componere
1092 1933 1338 1975 contenderes,
1365 1931 1606 1976 deprehensus
1633 1942 1672 1966 es

220 1978 322 2011 etiam
353 1989 395 2010 ex
424 1979 616 2022 negatione
644 1980 747 2011 unius
775 1980 830 2012 dei
869 1985 1083 2024 aegrotans,
1111 1991 1201 2024 quae
1228 1985 1308 2013 sunt
1332 1980 1482 2013 maxime
1508 1980 1672 2023 opposita

216 2025 321 2066 mala,
350 2030 385 2057 et
402 2026 633 2058 conciderunt
658 2028 776 2069 parvis
801 2027 932 2060 arcium
958 2032 1094 2060 tuarum
1111 2027 1259 2060 castella
1285 2032 1320 2060 et
1336 2027 1562 2068 munitiones,
1588 2027 1671 2071 qui*-

217 2072 281 2105 hus
310 2072 463 2105 confisus
495 2083 583 2105 eras.
636 2073 763 2106 deinde
790 2079 906 2106 autem
946 2076 1109 2118 quoniam
1143 2074 1239 2108 aliud
1266 2074 1353 2108 dicis
1382 2084 1461 2107 esse
1485 2073 1578 2118 quod
1603 2073 1671 2106 ha-

217 2118 290 2160 bet,
317 2118 413 2151 aliud
440 2120 532 2163 quod
563 2118 710 2153 babetur
739 2126 773 2154 et
810 2122 1000 2162 diversum,
1027 2122 1176 2155 fortasse
1202 2122 1299 2154 dices
1338 2122 1442 2154 etiam
1468 2119 1564 2154 aliud
1590 2130 1669 2154 esse

217 2166 419 2199 necessario
446 2167 569 2208 deum,
609 2166 704 2200 aliud
744 2169 819 2201 eius
854 2169 1094 2202 substantiam.
1156 2169 1284 2202 dieitur
1319 2169 1410 2201 enim
1436 2167 1522 2201 deus
1550 2172 1585 2200 et
1611 2177 1672 2200 es-

218 2214 365 2246 sentiam
392 2213 523 2246 habere
554 2219 588 2247 et
615 2214 854 2249 substantiam.
907 2217 974 2249 erit
998 2217 1106 2261 igitur
1131 2226 1175 2249 ex
1198 2221 1257 2248 tua
1283 2215 1458 2248 sententia
1483 2214 1568 2248 deus
1597 2223 1670 2247 non

216 2260 480 2302 substantialis,
520 2266 554 2294 et
587 2261 783 2295 substantia
817 2263 873 2295 dei
911 2264 1095 2297 divinitate
1128 2263 1318 2303 destituta,
1347 2268 1381 2295 et
1404 2262 1448 2295 de
1475 2261 1671 2295 efficientia

215 2308 306 2340 idom
334 2307 517 2341 dicendum
546 2309 612 2340 erit
639 2314 673 2342 et
695 2310 946 2353 quaencndum,
971 2321 1053 2343 num
1081 2309 1272 2343 efficientia
1290 2309 1419 2343 habeat
1445 2308 1670 2342 efficientiam

217 2353 343 2397 aliam,
373 2356 500 2388 etenim
528 2355 557 2388 si
582 2355 707 2398 habet,
735 2362 815 2390 sunt
840 2358 948 2401 igitur
974 2358 1064 2400 duo,
1095 2367 1136 2390 ac
1158 2357 1192 2390 si
1218 2356 1308 2398 duo,
1338 2357 1479 2390 diversa
1506 2357 1670 2396 omnin03

216 2400 312 2434 aliud
339 2402 430 2434 enim
458 2407 624 2445 oportere
652 2414 731 2436 esse
756 2404 899 2437 dicebas
927 2410 1034 2448 atque
1059 2405 1092 2438 id
1119 2403 1211 2448 quod
1244 2402 1393 2437 habetur
1426 2402 1461 2436 id
1486 2404 1578 2447 quod
1603 2401 1671 2435 ha-

215 2448 287 2489 bet,
320 2454 355 2481 et
383 2449 494 2482 oritur
512 2450 680 2493 quaedam
707 2451 830 2484 mirum
857 2452 893 2484 in
919 2452 1055 2485 modum
1092 2451 1238 2484 formata
1264 2451 1478 2484 efficientiae
1507 2450 1671 2483 efficien-

215 2496 282 2535 tia3
310 2496 364 2528 sin
390 2501 506 2530 autem
534 2496 600 2529 hoc
627 2508 747 2531 verum
774 2507 846 2531 non
873 2504 938 2540 est,
979 2509 1050 2531 non
1079 2503 1197 2542 potest
1222 2496 1413 2531 efficientia
1444 2495 1671 2530 efficientiam

216 2541 360 2584 habere,
387 2548 421 2576 et
445 2548 614 2587 sequetur
638 2550 677 2577 ut
704 2545 895 2579 efficientia
922 2546 1093 2578 eiusmodi
1126 2545 1172 2578 sit
1202 2543 1379 2578 inefficax.
1440 2544 1532 2588 quod
1555 2547 1670 2577 autem

173 2585 178 2594 “
216 2589 384 2622 inefficax
412 2595 476 2632 est,
504 2591 607 2623 etiam
635 2597 689 2625 est
713 2602 784 2625 non
805 2592 1048 2635 substantiale,
1075 2591 1264 2626 secundum
1284 2602 1372 2634 eam,
1403 2601 1504 2635 quam
1530 2595 1568 2624 tu
1593 2591 1670 2633 ipse

215 2641 367 2679 nugatus
392 2638 627 2681 proposuisti,
667 2638 783 2672 thesin
821 2644 856 2672 et
880 2640 1048 2682 protasin.
1114 2638 1338 2672 efficientiam
1375 2640 1480 2682 enim,
1509 2638 1574 2680 uis,
1599 2645 1670 2670 non

215 2682 349 2716 habens
373 2693 490 2728 neque
518 2689 570 2718 est
594 2695 711 2730 neque
748 2686 934 2731 quidquam
976 2692 1050 2721 estt
1075 2686 1179 2719 immo
1209 2687 1350 2719 omnino
1378 2696 1450 2719 non
1480 2690 1535 2719 est
1556 2683 1669 2718 thesis

214 2733 273 2765 tua
301 2735 335 2765 et
359 2730 461 2767 brevi
499 2732 635 2767 interiit
666 2733 731 2768 tibi
765 2743 896 2781 opera,
939 2739 973 2769 et
998 2733 1075 2781 agri
1110 2744 1318 2770 aerumnose
1360 2732 1448 2769 culti
1472 2733 1583 2780 spica,
1610 2729 1670 2780 qui
