1826 3120
317 168 411 224 194
708 179 1008 230 mes-mom
1050 182 1356 229 GREGORAE

311 286 590 343 ὑφορώμενον
626 286 766 344 ὀφρὺν
795 287 867 330 καὶ
905 286 1160 343 κακότροπον
1198 289 1259 339 εἷς
1296 288 1524 343 ἐπιβουλὰς
1551 291 1767 347 acolitum·

312 355 385 395 καί
412 351 518 406 πρὸς
548 353 916 408 παρασπονδήσεις
948 354 1118 410 σφόδρα
1149 357 1395 411 ἐπιρρεπές,
1428 353 1548 411 ἔργον
1575 358 1767 411 ἐπιμελὲς

312 420 495 461 ἐποιεῖτο
520 421 634 475 σφᾶς
663 422 886 461 ταπεινοῦν
915 420 984 462 τὸν
1021 421 1167 464 ἐνόντα
1198 419 1352 475 τρόπον
1381 422 1461 468 αἐί.
1517 425 1591 466 νῦν
1618 425 1666 466 δὲ
1696 425 1769 467 καί

307 487 466 539 ,καιροῦ
501 484 731 538 λαβόμενον
768 485 1019 537 ἐνσπόνδους
1059 477 1331 542 ὑποχειρίους
1379 494 1559 532 ποιεῖται
1595 480 1765 549 ραδίως.

311 553 384 595 καί
408 554 486 605 μὲν
517 552 567 606 δη
600 569 669 594 και
702 554 743 602 ἐς
773 552 849 607 την
873 552 993 595 πόλιν
1024 556 1234 597 Γέννουαν
1278 554 1424 598 εἰσιών
1450 559 1525 600 καί
1550 556 1802 614 &nmmo-5

311 619 488 672 βητητος
519 613 666 672 ἅρχων
697 619 827 673 αυ’τῆς
856 619 1186 675 ἀναγορευθείς,
1215 621 1268 663 τὰ
1299 624 1427 664 πλείω
1456 625 1565 679 μέρη
1594 626 1768 666 καθεῖλε

312 687 394 728 τῶν
423 685 559 742 κύκλῳ
599 686 748 738 τειχῶν
772 687 845 727 καί
880 683 1074 740 πύργων,
1105 685 1163 742 μὴ
1193 685 1638 745 καιροφυλακήσαντες
1665 686 1767 739 ἴσως

313 752 405 808 ὀψέ,
434 751 504 794 τὸν
534 752 719 793 εἰωθότα
746 751 899 805 τρόπον
926 755 1073 808 σφίσιν
1102 754 1188 808 αἐί,
1220 755 1438 798 κοῖνταῦθα
1467 758 1769 812 νεωτερίσωσιν

310 816 353 860 οἱ
381 818 533 873 ταύτης
565 814 786 872 οἰκήτορες.

222 897 297 932 zo
441 884 538 928 Καὶ
576 887 710 927 ταῦτα
752 887 829 938 μὲν
865 887 967 943 τῇδέ
1004 904 1059 945 πῃ
1094 885 1215 942 ἔσχε,
1253 887 1325 930 καί
1363 890 1406 937 ἐς
1435 885 1621 938 τοιοῦτον
1652 887 1768 945 ἔληξε
1783 894 1826 930 10

310 956 442 1006 πέρας
475 949 494 993 ὃ
518 954 590 1006 τῆς
625 953 1108 1008 Γεννουϊτικῆςόφρόος
1131 949 1279 1003 ἄτοπος
1299 948 1536 1008 ὄγκος-[καί
1561 954 1584 1009 ἦ
1615 946 1769 999 θεόθεν

310 1018 596 1075 ἠκολούθησεν
638 1017 792 1073 οἷμοιβη
829 1022 912 1061 ταῖν
952 1015 1107 1061 α’δίκών
1133 1018 1266 1075 ἔργων
1303 1022 1469 1064 ἐκείνων
1497 1015 1555 1063 ὧν
1588 1036 1634 1064 τε
1664 1019 1766 1064 κατὰ

306 1087 526 1140 Ῥωμαίων
556 1079 687 1140 ἦρξαν
716 1101 760 1126 τε
795 1089 868 1127 καί
895 1085 1204 1140 κατεπράξαντο
1237 1089 1310 1129 καί
1338 1082 1399 1136 οἷς
1426 1085 1584 1143 ἑτέροις
1614 1103 1769 1143 προσε-

315 1156 532 1209 δὲχθησαν
575 1152 731 1206 ὁμοίως
772 1148 958 1206 ἅπασιν,
1001 1150 1150 1207 ὅρκους
1195 1151 1380 1203 ἅπαντας
1419 1155 1565 1204 θείους
1591 1153 1768 1198 κατόπιν

313 1222 545 1278 ῥίψαντες,
586 1219 659 1262 καί
695 1219 803 1274 μήτε
843 1223 965 1262 θείαν
1003 1224 1171 1273 νέμεσιν
1215 1219 1498 1276 θὲμενοιππρὸ
1531 1223 1768 1278 ὀφθαλμῶν
1784 1229 1826 1264 15

310 1287 407 1342 μήτ’
439 1285 678 1342 ἀνθρώπων
707 1288 830 1330 αἰδῶ.
874 1286 1271 1343 ὄνειροπολήσαντες
1297 1288 1379 1343 γὰρ
1411 1283 1575 1345 ἁπάσης
1604 1288 1772 1332 θαλάσ-

313 1370 388 1408 σης
417 1353 657 1409 συλλήβδην
687 1353 911 1408 ἡγεμονίαν
950 1349 1114 1397 ἄνωθεν
1144 1357 1189 1397 ἐκ
1225 1357 1432 1406 Τανάιδος
1465 1357 1539 1399 καί
1565 1354 1771 1399 Mandu-

304 1423 386 1471 δος
416 1416 519 1475 ἄχρι
550 1421 771 1474 Γαδείρων
810 1420 883 1462 καί
903 1418 1162 1476 “Ηρακλείων
1193 1423 1380 1478 στηλῶν,
1419 1422 1491 1466 καί
1521 1423 1654 1478 αὐτῆς
1681 1425 1771 1475 ἐξε-

313 1486 584 1529 πεπτώκεσαν
613 1487 657 1528 ἑν
687 1490 850 1541 βραχεῖ
870 1490 941 1542 τῆς
977 1490 1208 1542 πατρίδος·
1265 1505 1335 1531 και
1369 1487 1415 1531 τό
1449 1487 1587 1532 κοινόν
1615 1490 1770 1540 ἀδίκως

276 1583 279 1584 ⁷
314 1551 672 1608 ιδιοηοιοόμενοι,
711 1553 863 1597 ε”λαθον
906 1571 975 1597 και
1021 1552 1064 1597 τὸ
1110 1553 1220 1597 ὶδιον
1264 1557 1437 1605 ἐνδίκως
1467 1555 1553 1612 τὴν
1567 1559 1826 1612 ταχίστην20

304 1619 640 1669 ἀπολωλεκότες.
710 1623 825 1663 τοῦτ’
872 1623 1002 1663 ἐκεῖνο
1041 1621 1087 1663 τὸ
1127 1623 1198 1676 τῆς
1231 1622 1466 1676 παροιμίας
1502 1638 1713 1678 αντικρυς,
1742 1621 1767 1678 ἦ

314 1686 497 1743 κάμηλος
548 1689 851 1742 ε’πιθυμησασα
891 1686 1079 1741 κεράτων
1113 1691 1187 1730 καί
1225 1687 1277 1731 τοὶ
1324 1706 1409 1732 mm
1453 1689 1774 1745 προσαπώλεσε.

311 1755 588 1809 μακρόθυμος
614 1755 694 1808 μὲν
725 1754 805 1809 γὰρ
838 1755 859 1797 ὁ
891 1753 1014 1808 θεός,
1045 1755 1151 1797 α’λλὰ
1199 1755 1272 1798 καί
1301 1757 1476 1808 δίκαιος.
1519 1755 1592 1799 καί
1620 1757 1769 1800 δίδωσι

312 1824 390 1876 μὲν
417 1821 566 1877 καιρὸν
609 1821 834 1875 μετανοίας
864 1827 948 1872 τοῖς
981 1820 1302 1879 ἁμαρτάνουσιν
1337 1825 1380 1873 ἐς
1418 1823 1516 1874 τούς
1554 1825 1626 1879 τῆς
1654 1825 1770 1879 δίκης

302 2010 514 2054 ,superbiam
552 2019 595 2043 ac
627 2014 779 2043 mentem
817 2009 859 2043 ad
892 2009 1072 2054 perfidiam
1106 2013 1212 2053 atque
1244 2008 1388 2043 insidias
1428 2007 1534 2043 valde
1566 2008 1769 2044 inclinatam

314 2067 531 2103 magnopere
558 2067 678 2090 eorum
703 2058 836 2090 animos
862 2056 1081 2091 labefactum
1107 2056 1278 2090 studebat.
1314 2056 1379 2090 hac
1405 2057 1594 2090 occasione
1622 2062 1769 2101 accepta

316 2106 452 2140 deditos
490 2104 597 2137 facilc
633 2105 669 2137 in
703 2105 909 2138 societatem
936 2109 1143 2148 coegerunt.
1201 2109 1307 2148 atque
1332 2103 1487 2138 Genuam
1515 2103 1636 2138 urbem
1664 2114 1769 2148 quum

315 2154 470 2198 ingressi
497 2157 616 2185 essent
651 2157 686 2185 et
723 2152 823 2185 nullo
856 2153 1045 2185 resistente
1071 2161 1187 2185 rerum
1211 2151 1335 2195 potiti,
1371 2151 1497 2184 multas
1530 2161 1708 2185 murorum
1735 2156 1770 2185 et

315 2199 660 2245 propugnaculorum
688 2205 806 2243 partes
822 2200 993 2243 ceperunt
1017 2209 1063 2232 ne
1089 2199 1237 2232 forsitan
1261 2203 1446 2242 oppon-tum
1472 2199 1508 2232 in
1535 2198 1652 2232 futuro
1677 2204 1770 2233 tem-

316 2258 404 2292 pore
430 2252 601 2291 occupato
626 2247 778 2280 animum
802 2256 870 2291 quo
896 2256 1034 2290 semper
1059 2256 1152 2279 nunc
1178 2255 1318 2290 quoque
1343 2245 1638 2290 redintegrarent.

446 2306 509 2340 His
542 2308 590 2340 ita
628 2306 730 2339 factis
769 2305 1006 2340 Genuensium
1039 2303 1266 2338 intolerabile
1297 2303 1510 2338 insolentiae
1544 2314 1633 2338 onus
1665 2303 1770 2348 plane

304 2355 490 2388 >abiectum
527 2359 590 2388 est.
651 2359 686 2387 et
722 2353 884 2396 profecto
923 2353 1008 2387 deus
1045 2351 1118 2385 illis
1160 2352 1334 2396 irrogavit
1382 2361 1514 2395 poenas
1550 2352 1771 2394 iniuriarum,

316 2402 443 2447 quibus
470 2400 644 2435 Romanos
678 2400 878 2434 afflixerant
912 2410 1073 2445 quaeque
1108 2399 1151 2432 ab
1177 2398 1258 2432 aliis
1293 2398 1458 2433 similiter
1486 2399 1646 2433 omnibus
1678 2409 1772 2443 gen-

315 2450 409 2483 tibus
437 2448 700 2492 exspectabant.
749 2448 927 2493 neglectis
969 2449 1060 2481 enim
1098 2446 1258 2480 omnibus
1293 2446 1423 2479 divinis
1449 2445 1590 2491 legibus
1618 2456 1686 2479 nec
1713 2446 1770 2479 di..

316 2498 432 2530 vinam
467 2494 639 2529 ultionem
675 2501 836 2540 spectant
863 2506 930 2528 nec
955 2494 1214 2528 verecundiam
1246 2494 1282 2526 in
1319 2492 1490 2527 homines.
1545 2503 1624 2527 nam
1665 2502 1770 2538 quum

313 2545 425 2577 totius
450 2545 556 2577 maris
582 2544 794 2577 dominatum
823 2543 905 2575 inde
924 2553 943 2576 a
969 2542 1119 2575 Tanaide
1145 2546 1180 2574 et
1194 2540 1367 2575 Maeotide
1393 2551 1505 2585 usque
1533 2541 1576 2574 ad
1594 2540 1706 2575 Gades
1736 2545 1771 2573 et

315 2590 479 2624 Herculis
506 2588 685 2624 columnas
711 2597 872 2635 tanquam
897 2591 933 2623 in
958 2589 1102 2623 somniis
1136 2588 1259 2621 videre
1287 2587 1353 2621 sibi
1382 2588 1601 2629 viderentur,
1626 2598 1670 2621 ex
1694 2588 1771 2631 ipsa

315 2639 429 2683 patria
458 2638 563 2671 eiecti
588 2638 688 2672 brevi
713 2643 806 2679 sunt,
834 2643 869 2670 et
895 2647 1000 2681 quum
1025 2635 1277 2679 rempublicam
1312 2635 1440 2668 iniuria
1465 2645 1560 2669 suam
1599 2634 1769 2676 facerent,

315 2685 569 2729 rempublicam
593 2695 661 2718 nec
690 2686 820 2718 iniuria
849 2684 1035 2718 celerrime
1060 2683 1263 2716 amiserunt.
1293 2681 1361 2715 hoc
1388 2688 1442 2731 est
1459 2682 1563 2716 illius
1587 2681 1771 2726 proverbii

316 2738 582 2777 argumentum·
610 2733 765 2766 camelus
792 2732 850 2777 qui
885 2741 1018 2765 cornua
1044 2730 1144 2773 vult,
1170 2739 1273 2763 aures
1301 2738 1445 2775 quoque
1472 2730 1611 2764 amittit.
1659 2729 1770 2763 mise-

316 2782 428 2816 ricors
451 2782 542 2816 enim
572 2781 658 2816 deus
684 2786 759 2826 est,
790 2785 828 2816 ut
858 2780 961 2815 etiam
986 2780 1098 2814 iustus
1125 2783 1160 2813 et
1182 2783 1319 2825 tempus
1348 2777 1527 2825 poenitiae
1551 2777 1610 2814 dat
1635 2785 1768 2829 pecca-
