1800 3132
322 215 621 262 msTomAE
662 208 1009 257 BYzAN‘nNAE
1034 213 1161 255 xxv.
1203 200 1294 254 39.
1324 199 1415 255 40.
1530 206 1593 253 67
1638 219 1645 226 ·

121 326 244 384 σφῶν
280 323 634 382 παρεισπεσόντες
661 321 785 380 ἔνιοι,
813 324 980 376 μακρᾶς
1019 319 1197 375 ἐρημίας
1227 318 1595 374 ἐπιχωριαζούσης

121 391 228 436 κατὰ
258 390 331 436 τὸν
360 387 472 435 οἶκον
499 390 573 433 τὸν
602 391 705 443 σόν,
746 388 815 432 διὰ
842 388 1004 466 βρόχου
1046 387 1229 430 θάνατον
1266 389 1497 442 ἐπενεγκεῖν
1526 400 1595 428 σοι
1619 387 1636 393 ”

104 459 222 513 πρίν
245 461 331 502 τῶν
372 458 570 501 ἁπάντων
599 455 836 499 αἴσθεσθαι*
861 453 966 498 τινά.
1038 450 1061 495 ὃ
1090 470 1160 496 και
1195 455 1375 496 Παῦλον
1406 450 1480 494 τὰν
1508 469 1595 494 πα-

59 565 61 567 ,
121 525 333 586 τριάρχην
361 523 495 568 πάλαι
539 523 651 582 φασὶ
689 525 945 566 πεπονθέναι
988 521 1094 601 πρὸς
1133 522 1214 564 τῶν
1262 520 1420 574 ομοίων
1450 521 1595 569 αὐτοῖς

55 591 391 646 ,5κακοδόξων,
421 593 494 634 καί
535 593 705 640 πλείους
736 585 890 640 αλλους
930 589 1009 643 πρὸ
1039 605 1083 644 γε
1115 587 1330 644 δήπουθεν
1359 588 1496 630 αὐτοῦ
1525 602 1594 628 και

118 662 208 717 μετ’
234 660 381 713 αὐτόν.
453 654 561 701 εἶναι
605 658 686 724 γάρ
722 674 831 714 φασι
875 673 988 700 τουτι
1020 657 1270 741 βιαιότερον
1311 673 1380 698 και
1421 654 1594 712 σφόδρα

119 727 268 787 τάχιον
298 729 374 783 τῆς
415 728 492 770 τοῦ
537 727 711 769 κωνείου
756 725 947 777 κύλικος,
985 719 1036 766 ου
1067 724 1297 780 Σωκράτην
1328 721 1460 766 πάλαι
1486 729 1597 765 πιεῖν

72 790 78 798 “
62 795 357 852 Ἀθηναίων
382 791 782 850 καταψηφισάμενοι
810 793 972 845 παῖδες,
1004 791 1201 846 δρώντων
1229 793 1313 833 τῶν
1342 791 1492 847 φίλων,
1523 791 1597 844 τῆς

121 859 340 918 παρούσης
371 859 617 916 α’πὴλλαξαν
662 861 784 915 ζωῆς.
857 863 931 902 καί
971 861 1085 902 τοῦτ’
1126 855 1234 901 εἶναι
1272 857 1512 915 φάσκουσιν
1556 855 1597 899 οἷ

18 960 24 984 ;
64 931 291 983 ,Ιθπλειόυς
329 925 354 970 ὃ
403 925 480 984 τὴν
520 927 729 983 τοσαύτην
760 929 941 983 ἐρημίαν
984 925 1153 982 ἐπάγειν
1183 942 1250 968 σοι
1281 927 1396 982 σφᾶς
1428 941 1593 981 προση-

18 988 22 992 ,
54 997 59 1036 .’
119 998 336 1053 νάγκασεν,
366 995 436 1039 ἴνα
467 996 628 1050 δρῶσιν
653 994 791 1044 α’δεῶς
825 990 852 1036 ἃ
882 997 990 1050 δρᾶν
1019 995 1231 1043 τοιούτοις
1262 995 1332 1035 δεῖ
1356 998 1594 1050 φονευταῖς.

120 1069 229 1123 φέρε
254 1065 425 1117 τοίνυν,
459 1061 505 1106 εἴ
524 1064 567 1106 τί
582 1078 664 1106 »σοι
693 1060 801 1118 πρὸς
827 1062 1072 1117 βουλήσεως
1105 1060 1170 1117 εἴη
1200 1062 1281 1104 τῶν
1307 1062 1443 1117 φίλων
1475 1061 1599 1108 ἐνίοις
1612 1071 1689 1106 fio

50 1155 58 1190 3
119 1131 296 1187 ἐνιαχοῦ
323 1128 499 1187 μηνύειν
527 1129 795 1187 ἀπόρρητον,
828 1130 925 1184 ἐμοὶ
953 1129 1231 1185 προσανάθου
1270 1128 1370 1184 πρὶν
1391 1132 1477 1177 τοῖς
1509 1130 1596 1170 τῶν

118 1197 333 1244 ’τοιούτωνἱ
349 1195 553 1242 θανάτων
583 1197 745 1240 άλαῖναι
778 1198 984 1247 δικτύοις·
1059 1196 1140 1250 ἐγώ
1181 1196 1263 1251 γάρ
1293 1213 1359 1240 σοι
1390 1195 1464 1238 καί
1493 1199 1596 1239 Πυ-

35 1263 248 1325 [zoidqc
280 1264 432 1320 ἔσομαι
461 1264 630 1322 πιστός,
675 1265 757 1321 ἐγώ
786 1267 861 1308 καί
890 1265 1030 1322 φύλαξ
1062 1259 1119 1307 ὧν
1153 1259 1395 1307 ἇνέκπυστα
1428 1263 1598 1320 φυλάτ-

34 1317 62 1393 {-
117 1348 201 1378 τειν
229 1333 332 1389 χρή.
403 1334 524 1376 δυοῖν
564 1334 645 1389 γὰρ
685 1331 804 1376 ἔσται
834 1334 909 1387 μοιΙ
935 1332 1139 1389 θάτερον·
1217 1327 1353 1387 ἢγὰρ
1387 1331 1457 1374 σοι’
1482 1330 1595 1386 κοῖγώ

40 1395 78 1407 ἦ
117 1399 479 1457 συντεθνῆξομαι,
517 1403 549 1428 ”
582 1400 655 1444 καί
692 1400 830 1458 τάφος
865 1398 1006 1443 ἔσεται
1043 1399 1177 1450 κοινὸς
1209 1398 1369 1456 οἷμφοῖν
1398 1396 1418 1442 ὃ
1447 1397 1597 1453 παρών
1614 1401 1638 1439 f.
1661 1402 1727 1438 111
1741 1413 1777 1439 a.

29 1459 57 1526 [3
118 1465 228 1520 οἶκος
257 1467 371 1524 ἡμῖν,
401 1466 430 1523 ²³1¹
459 1467 566 1512 κατά
597 1467 642 1512 τὸ
669 1467 848 1524 λεληθὸς
871 1464 1297 1524 προαναστειλάντων
1314 1484 1370 1521 με
1400 1469 1484 1509 τῶν
1515 1482 1599 1523 φο-

32 1567 53 1610 ⁴}
119 1537 279 1579 νευτῶν
329 1553 399 1579 και
442 1538 617 1594 φυγάδα
659 1539 955 1594 ποιησαμένων
993 1552 1071 1605 με,
1112 1537 1252 1578 πᾶσαν
1296 1532 1349 1577 ἀν
1384 1537 1598 1589 διέλθοιμι

20 1605 196 1665 ,gwyr‘iv
224 1619 271 1646 τε
299 1603 372 1646 καί
413 1604 669 1668 θάλασσαν,
715 1604 819 1664 ἡλίῳ
852 1621 922 1647 και
953 1604 1163 1659 α’στράσιν
1207 1603 1480 1658 ἀπαγγέλλων
1517 1604 1596 1658 τὴν

9 1693 55 1731 ¹¹2
78 1688 89 1693 ‘
120 1673 291 1715 α’δικίαν
323 1672 515 1728 ταυτηνί,
546 1689 616 1714 και
647 1672 724 1728 την
754 1673 978 1727 α’γνώμονα
1008 1673 1226 1724 μαστίζων
1242 1673 1292 1728 τῇ
1319 1667 1483 1729 γλώττη
1514 1672 1597 1713 τῶν

8 1733 10 1767 ²
38 1724 54 1756 ἑ
120 1740 207 1782 σῶν
237 1741 456 1795 φονευτῶν
490 1741 659 1793 δεξιάν,
703 1757 774 1783 και
818 1741 1058 1797 τραγῳδίαν
1101 1739 1332 1793 θεατρικην
1362 1737 1413 1781 τά
1440 1754 1487 1781 τε
1526 1739 1597 1794 τῆς

119 1806 340 1862 ἐκκλησίας
369 1806 442 1849 καί
469 1806 522 1850 τά
553 1807 606 1850 σά
637 1809 836 1864 πανταχῇ
862 1809 1078 1861 τιθέμενος
1107 1806 1360 1863 διηγήματα.

120 1979 251 2028 laqueo
278 1980 344 2016 tibi
365 1991 492 2016 necem
516 1982 698 2025 inferant,
735 1984 879 2017 nemine
905 1984 1108 2025 sentiente,
1145 1983 1179 2018 id
1207 1984 1300 2028 quod
1334 1984 1440 2017 etiam
1464 1982 1595 2020 Paulus

119 2029 322 2074 patriarcha
347 2029 390 2064 ab
414 2029 616 2065 hominibus
632 2031 709 2075 pari
726 2032 887 2076 nequitia
913 2031 1083 2075 praeditis
1102 2031 1186 2065 olim
1211 2042 1404 2075 perpessus
1432 2042 1511 2065 esse
1537 2033 1595 2066 di-

53 2098 59 2106 ›
112 2078 213 2111 citur
236 2077 412 2123 multique
438 2077 501 2111 alii
530 2084 565 2112 et
591 2084 672 2113 ante
701 2090 779 2112 eum
806 2085 842 2113 et
876 2086 957 2123 post
990 2090 1080 2113 eum.
1150 2079 1218 2112 hoc
1255 2081 1347 2112 enim
1372 2079 1484 2113 multo
1511 2081 1595 2114 vio-

120 2123 252 2167 lentius
277 2130 384 2170 atque
414 2125 598 2160 efficacius
634 2136 714 2161 esse
740 2127 883 2169 dicunt,
914 2138 1017 2172 quam
1053 2128 1191 2160 cicutae
1231 2126 1396 2170 poculum
1414 2152 1423 2170 ,
1459 2128 1501 2161 ad
1529 2139 1595 2162 cu-

120 2172 176 2206 ius
191 2172 435 2207 sorbitionem
461 2173 504 2207 ab
527 2174 808 2208 Atheniensibus
835 2176 1010 2219 quondam
1027 2174 1193 2208 Socrates
1220 2175 1403 2209 damnatus
1419 2186 1594 2219 praesen-

118 2220 212 2255 tibus
235 2221 358 2256 amicis
391 2221 467 2255 vita
495 2221 672 2256 discessit
725 2222 815 2256 hanc
853 2233 991 2256 causam
1030 2233 1109 2256 esse
1141 2222 1284 2266 plurimi
1324 2223 1469 2266 dicunt,
1503 2234 1594 2268 quae

118 2267 206 2303 istos
233 2269 432 2312 appulerit,
468 2274 507 2302 ut
530 2274 566 2303 te
599 2271 636 2303 in
662 2275 759 2303 tanta
785 2269 981 2304 solitudine
1008 2270 1257 2312 collocarent,
1281 2271 1447 2305 nimirum
1472 2277 1511 2305 ut
1531 2282 1594 2307 se..

120 2321 204 2350 eure
229 2322 498 2374 perpetrarent,
533 2317 627 2362 quod
652 2318 743 2351 tales
778 2318 1029 2351 interfectores
1062 2323 1270 2361 perpetrare
1308 2318 1451 2353 debent.
1502 2330 1592 2364 age-

118 2360 198 2399 (lum
232 2365 368 2409 igitur,
402 2365 432 2398 si
465 2365 529 2399 tibi
565 2364 704 2399 volenti
736 2371 789 2399 est
815 2364 985 2399 nonnulis
1014 2376 1058 2398 ex
1082 2367 1152 2399 tuis
1178 2366 1301 2401 amicis
1328 2367 1503 2401 interdum
1530 2378 1592 2402 se..

119 2415 253 2446 cretum
280 2412 453 2458 quoddam
477 2412 664 2456 revelare,
700 2414 787 2447 mihi
813 2414 848 2446 id
874 2413 997 2446 credas
1014 2438 1023 2456 ‚
1062 2414 1265 2458 priusquam
1296 2414 1469 2447 eiusmodi
1495 2425 1593 2449 mor-

40 2459 59 2485 ‘ss
117 2459 204 2494 tium
230 2458 370 2506 laqueis
396 2461 581 2495 irretiaris.
635 2470 703 2506 ego
736 2462 828 2495 enim
854 2461 918 2494 tibi
948 2460 1063 2494 fidelis
1093 2459 1245 2503 Pylades
1273 2472 1348 2504 ero,
1378 2472 1445 2507 ego
1474 2468 1593 2497 custos

121 2516 265 2550 eornm,
295 2517 389 2553 quae
413 2506 567 2542 fideliter
593 2509 732 2543 servari
758 2520 876 2553 neque
903 2509 1089 2542 enunciari
1117 2508 1260 2542 debent.
1322 2509 1472 2543 alterum
1499 2512 1593 2544 enim

120 2561 167 2588 ex
189 2555 327 2589 duobus
352 2555 440 2589 mihi
465 2567 531 2590 usu
559 2557 702 2590 veniet:
729 2562 915 2590 auttecum
943 2557 1154 2589 commoriar
1181 2561 1216 2589 et
1241 2556 1331 2590 haec
1357 2557 1479 2591 domus
1492 2568 1593 2592 com-

119 2604 225 2636 niune
246 2602 351 2637 nobis
378 2603 446 2637 erit
470 2603 688 2648 sepulcrum,
717 2610 788 2646 aut,
816 2603 1108 2638 interfect-oribus
1134 2614 1190 2636 mc
1217 2604 1336 2637 furtim
1362 2606 1592 2649 reprimenti-

120 2649 185 2684 bus
214 2655 250 2683 et
275 2650 480 2696 fugantibus
499 2676 509 2694 ,
545 2662 684 2685 omnem
710 2658 838 2686 terram
866 2658 971 2696 atque
998 2662 1093 2685 mare
1121 2662 1319 2696 pervagans
1346 2652 1415 2687 soli
1454 2653 1593 2689 stellis-

67 2707 69 2712 ‘
119 2706 189 2742 que
216 2697 308 2732 hanc
333 2699 499 2733 iniuriam
525 2700 760 2744 pronuntiabo
789 2705 824 2732 et
851 2701 1009 2733 insanam
1044 2705 1183 2732 tuorum
1210 2701 1418 2735 sicariorum
1445 2701 1593 2735 violen-

23 2786 27 2791 .
56 2756 65 2780 ·,
117 2745 203 2778 tiam
228 2752 321 2780 voce
346 2745 541 2791 flagellabo
571 2752 677 2792 atque
706 2748 838 2792 ubique
853 2747 1183 2793 quasitragoediam
1212 2749 1248 2781 in
1274 2758 1382 2783 scena
1409 2749 1592 2784 ecclesiae

19 2805 27 2839 '.
58 2802 69 2822 ¹-
119 2791 296 2828 fortunam
322 2798 488 2843 tuamque
514 2800 647 2830 sortem
673 2795 861 2830 enarrabo.

46 3023 50 3044 ““
44 2978 51 2995 ''
43 2826 71 2947 'sffegss'
53 2773 61 2786 --
