1800 3132
251 151 317 202 48
656 160 953 205 NlcEPnom
995 159 1297 203 GREGORAE

250 259 438 314 ὀργάνων
466 258 653 315 ἑρεθίζει
684 262 789 317 πρὸς
819 261 1034 314 εὐψυχίαν
1067 260 1295 316 πολεμικὴν
1324 263 1406 304 τῶν
1437 247 1710 316 &vireis-1321»
1771 284 1783 296 «

250 325 401 382 ὁρμήν.
474 328 565 369 ἐπεὶ
604 329 650 368 δὲ
691 325 931 379 ναυμαχίας
969 325 1124 379 ἀγῶνες
1166 323 1312 380 ἥκιστα
1362 321 1469 382 ἦσαν
1500 325 1582 383 (ου’
1625 325 1706 382 γὰρ

251 388 359 448 ἦσαν
388 391 431 435 αἱ
463 390 843 447 α’νταγωνιζόμεναι
870 393 1014 446 νῆες)“,
1045 388 1217 442 τοξότας
1262 388 1388 443 ὅσους
1417 394 1545 448 ἐχρῆν
1577 409 1711 436 κατα-

251 457 434 507 λιπόντες
463 460 506 500 ἐν
529 464 619 509 ταῖς
650 461 775 500 ναυσί
803 460 992 514 φυλακῆς
1023 473 1064 500 τε
1105 460 1224 500 ἕνεκα
1263 462 1335 501 καί
1374 461 1447 502 τοῦ
1477 459 1711 513 βάλλοντας
1787 512 1789 514 ¹

251 524 458 580 ἀνείργειν
493 525 560 567 καί
597 525 898 577 α’ντιπερισπᾶν
938 525 1028 565 ἐκεῖ
1063 517 1263 573 τούςέπί
1291 527 1374 567 ταῖν
1400 521 1643 580 ἐπάλξεων,
1672 522 1742 569 οἶ5

253 592 391 633 λοιποί
418 592 567 640 πάντες
597 589 668 632 ε’πί
695 588 766 643 τήν
794 591 868 643 γῆν
901 590 1156 643 ἀπέβαινον,
1187 591 1489 634 κυκλώσασθαι
1522 589 1598 646 τήν
1630 589 1711 632 πό-

253 661 317 699 λιν
343 658 620 710 βουλόμενοι,
654 654 857 708 κλίμακας
886 671 928 698 τε
973 657 1224 711 ἐπαγόμενοι
1267 656 1484 711 πλείστας,
1524 654 1597 700 καῖ
1625 654 1712 711 ἅμα

235 721 443 777 -αἱρὴσειν
487 723 637 765 αὕτίκα
680 723 795 776 μάλα
832 720 906 776 τήν
935 724 1056 764 πόλιν
1084 724 1317 776 ἐλπίζοντες
1357 723 1425 766 διά
1458 739 1503 766 τε
1533 721 1580 766 τὸ
1603 725 1713 777 πλῆ-

164 803 235 838 2ss
253 792 326 837 θος
356 789 428 830 καί
457 788 531 843 τὴν
561 788 715 844 τόλμην
742 791 822 830 ταῖν
854 785 1045 833 ὁπλιτῶν.
1078 788 1610 844 περιστρατοπεδεύσαντες
1640 783 1714 831 οὖν
1753 844 1755 847 7

252 853 536 910 ἐπολιόρκουν,
564 857 699 905 τόξοις
723 871 765 897 τε
795 853 1020 908 βάλλοντες
1061 852 1277 910 ἑκηβόλοις
1324 856 1395 898 καί
1420 859 1623 910 κλίμακας
1656 856 1715 912 τῷ
1728 868 1772 904 10

251 921 373 977 τείχει
406 920 708 976 προσάγοντες,
753 923 826 963 καί
867 919 955 975 ἅμα
989 922 1059 964 διὰ
1099 921 1175 975 τὴν
1204 925 1477 978 πολυχειρίαν
1503 920 1610 964 εὗθῦ
1641 924 1716 966 τοῦ

252 990 416 1044 τείχους
462 987 682 1042 διώρυχας
723 988 941 1044 πόρρωθεν
992 989 1171 1043 δρῶντες
1192 1021 1203 1042 ,
1235 990 1302 1031 ἵνα
1334 990 1454 1031 δυοῖν
1480 987 1659 1044 θάτερον
1688 987 1716 1043 ἢ

252 1055 322 1098 διὰ
353 1059 427 1110 τῆς
471 1058 553 1098 τῶν
594 1055 807 1109 κλιμάκων
846 1053 1013 1098 ἐκείνων
1062 1055 1305 1111 οἷναδρομῆς
1343 1051 1370 1111 ἢ
1412 1054 1483 1097 διὰ
1517 1057 1591 1111 τῆς
1631 1057 1714 1097 ταῖν

254 1115 477 1176 ὑπονόμων
506 1122 753 1177 ὖποδρομῆς
777 1122 954 1164 τουτωνὶ
975 1122 1164 1164 λάθωσιν
1192 1122 1249 1171 εἷς
1281 1120 1358 1176 τὴν
1386 1122 1507 1164 πόλιν
1535 1137 1713 1177 παρεισ-

253 1188 461 1238 πεσόντες.
520 1187 612 1230 έπεί
639 1190 685 1230 δὲ
714 1194 926 1244 μηχαναῖς
955 1187 1152 1243 μηχανὰς
1183 1185 1203 1229 ὁ
1234 1190 1316 1229 τῶν
1341 1189 1573 1230 Βενετικαῗν
1605 1190 1714 1230 ἐκεῖ·
1728 1180 1800 1234 15’

253 1271 319 1304 νος
349 1254 569 1310 ναόαρχός
599 1271 643 1296 τε
675 1258 747 1297 καί
773 1253 938 1310 ἡγεμών
973 1254 1141 1297 ἔνδοθεν
1172 1254 1424 1297 οἷνθιστοίναι
1451 1255 1528 1296 οὔκ
1553 1255 1714 1314 ἠμέλει,

251 1324 496 1375 συνέβαινεν
525 1319 631 1365 εἶναι
676 1321 773 1371 τούς
805 1320 964 1373 ἔξωθεν
992 1323 1074 1364 τῶν
1106 1324 1312 1376 πολεμίων
1353 1322 1518 1376 α’γῶνας
1549 1320 1717 1378 α’πρᾰκ-

250 1404 360 1437 τους.
417 1390 579 1444 πρῶτον
620 1392 698 1441 μὲν
733 1387 814 1444 γὰρ
854 1387 1005 1443 βάρεσι
1042 1392 1173 1431 λίθων
1213 1390 1257 1430 ἐκ
1287 1390 1367 1430 τῶν
1402 1387 1612 1438 ἐπάλξεων
1644 1387 1717 1430 καί
1777 1398 1799 1441 j

253 1459 395 1509 βέλεσι
427 1457 706 1504 παντοδαποῖς
746 1458 1011 1509 τραυματίας
1049 1455 1257 1512 ἀπέφαινε
1293 1455 1407 1510 σφοῖς
1445 1457 1517 1496 καί
1557 1453 1717 1498 α’πεσό-

254 1525 349 1575 βει·
417 1517 498 1581 ῥ’πῃ
538 1523 575 1562 δ’
614 1519 725 1575 ἑώρα
770 1523 840 1563 καὶ
869 1520 1037 1564 ὑπενόει
1080 1525 1246 1575 κλίμαξι
1290 1519 1473 1576 βάσιμον
1518 1518 1625 1564 εἶναι
1669 1520 1775 1567 τόςὶῡ

256 1594 410 1642 τεῖχος,
440 1585 552 1642 ὕψος
589 1586 733 1630 ἱκανὸν
769 1588 901 1637 εὐθὺς
929 1591 1191 1644 προσετίθει,
1229 1589 1302 1644 τήν
1332 1604 1374 1630 τε
1401 1588 1482 1630 τῶν
1508 1587 1718 1640 ἐπάλξεων

256 1653 479 1697 συνάπτων
499 1656 699 1711 διέχειαν,
725 1658 800 1697 καί
818 1653 992 1705 ταύταις
1017 1655 1273 1711 α’νὸρόμηκες
1295 1653 1555 1710 οἰκοδόμημα
1584 1670 1719 1710 προσ-

257 1723 391 1770 τιθεὶς
434 1719 534 1776 πρὸς
576 1719 646 1773 ὄξύ
679 1723 752 1763 καί
788 1720 934 1764 λεπτόν
971 1723 1200 1776 α’πολῆγον,
1238 1722 1295 1771 ὦς
1322 1720 1393 1763 καί
1419 1720 1602 1776 ἀναβᾶσι
1631 1727 1718 1772 τοῖς

258 1786 470 1842 πολεμίοις
509 1787 713 1844 δύσεργόν
749 1804 795 1832 τε
840 1790 913 1830 καί
953 1788 1069 1842 μάλα
1110 1787 1373 1831 ἐπικίνδυνον
1401 1783 1510 1830 εἶναι
1537 1786 1612 1843 τὴν
1637 1791 1718 1831 τῶν

259 1982 330 2008 non
357 1973 460 2008 fieret
487 1974 636 2008 navibus
662 1975 794 2018 quippe
819 1984 891 2008 non
922 1974 1211 2015 occurrentibus,
1244 1984 1334 2017 quae
1361 1983 1438 2006 cum
1464 1974 1508 2007 iis
1533 1974 1570 2006 in
1598 1979 1716 2007 certa..

259 2031 339 2055 men
365 2021 641 2062 descenderent,
668 2021 805 2054 idoneis
831 2020 966 2054 relictis
1003 2021 1218 2065 sagittariis,
1259 2021 1318 2064 qni
1349 2031 1460 2055 naves
1501 2021 1718 2054 custodirent

261 2078 407 2112 eosque,
437 2069 496 2112 qui
516 2079 559 2101 ex
573 2068 849 2113 propugnaculis
864 2067 936 2101 tela
960 2067 1216 2108 iaculabantur,
1241 2067 1474 2101 defenderent
1493 2072 1599 2111 atque
1609 2077 1717 2101 aver-

259 2120 389 2156 terent,
415 2115 545 2158 reliqui
571 2115 613 2148 ad
627 2115 748 2148 urbem
776 2116 981 2159 cingendam
996 2114 1116 2148 multis
1142 2124 1219 2147 cum
1246 2114 1351 2147 scalis
1376 2115 1412 2147 in
1430 2119 1559 2147 terram
1581 2114 1718 2159 egressi

261 2163 420 2204 protinus
447 2172 486 2195 se
514 2168 679 2206 capturos
706 2173 784 2195 esse
810 2162 929 2195 urbem
957 2161 1157 2205 sperabant,
1184 2160 1406 2195 multitudine
1433 2166 1467 2194 et
1491 2160 1623 2195 bellica
1646 2161 1716 2200 mi„

261 2209 359 2242 litum
386 2209 532 2242 audacia
557 2209 650 2242 freti.
689 2210 953 2243 circumsessam
979 2210 1088 2253 igitur
1112 2208 1233 2241 urbem
1259 2208 1510 2252 oppugnabant
1528 2207 1601 2241 tela
1627 2207 1716 2241 emi-

261 2266 326 2289 nus
351 2257 532 2298 mittendo,
559 2256 664 2290 scalis
702 2257 842 2289 moenia
877 2256 1068 2289 adoriendo
1107 2261 1159 2297 et,
1198 2255 1280 2299 quia
1317 2255 1494 2288 hominum
1530 2255 1716 2289 multitudo

262 2303 519 2346 suppeditabat,
547 2304 670 2347 procul
701 2302 884 2337 cuniculos
911 2303 954 2336 ad
983 2313 1100 2336 muros
1126 2307 1224 2335 recta
1251 2302 1409 2346 agendo,
1436 2307 1474 2335 ut
1503 2308 1562 2335 aut
1598 2301 1716 2336 scala-

262 2360 337 2383 rum
365 2360 514 2384 ascensu
542 2356 602 2383 aut
631 2350 874 2384 cuniculorum
900 2350 1129 2383 subterraneo
1159 2359 1262 2382 cursu
1296 2350 1331 2382 in
1356 2349 1477 2382 urbem
1516 2348 1715 2382 clanculum

263 2399 510 2440 irrumperent.
570 2409 675 2442 quum
709 2403 825 2431 autem
853 2396 1011 2430 Venetae
1037 2396 1160 2430 classis
1184 2395 1386 2439 praefectus
1415 2401 1520 2439 atque
1545 2396 1616 2429 dux
1639 2405 1716 2429 ma-

264 2443 378 2477 chinis
402 2444 582 2479 machinas
608 2445 824 2478 intrinsecus
851 2454 1032 2488 opponere
1062 2444 1153 2477 haud
1180 2444 1551 2484 cessaret‚certamina
1565 2443 1715 2476 hostium

265 2492 486 2525 extrinsecus
512 2493 611 2525 irrita
639 2498 750 2526 erant.
809 2492 955 2535 primum
983 2491 1074 2524 enim
1101 2490 1194 2524 saxis
1219 2489 1385 2534 gravibus
1417 2495 1451 2522 et
1476 2490 1570 2523 omni
1595 2489 1726 2522 missi-·

264 2538 348 2570 lium
374 2549 507 2582 genere
533 2549 594 2573 eos
619 2550 663 2572 ex
687 2538 963 2583 propugnaculis
992 2538 1169 2581 impetitos
1197 2537 1370 2571 sauciavit
1398 2542 1503 2580 atque
1527 2536 1716 2580 proturba-

263 2585 328 2618 vit.
379 2585 438 2618 ubi
464 2591 578 2619 autem
617 2596 753 2620 murum
789 2585 893 2619 scalis
929 2595 1077 2619 ascensu
1105 2584 1245 2617 facilem
1273 2595 1351 2618 esse
1377 2583 1521 2617 videbat
1537 2589 1572 2617 et
1596 2584 1716 2627 suspi-
1748 2595 1760 2609 ο

265 2631 419 2673 orbatur,
448 2632 635 2666 altitudine
661 2634 789 2666 idonea
822 2633 937 2666 statim
965 2632 1080 2665 addita
1105 2630 1294 2664 intervalla
1329 2631 1422 2664 inter
1454 2630 1594 2675 singula
1629 2639 1716 2674 pro-

264 2679 465 2723 pugnacula
492 2681 686 2722 coniunxit,
713 2681 829 2724 iisque
854 2679 1014 2712 aedificia
1031 2678 1202 2713 adstruxit
1226 2677 1376 2712 hominis
1402 2677 1621 2711 altitudinem
1645 2686 1717 2710 non

266 2726 475 2760 excedentia
499 2732 604 2771 atque
630 2728 665 2760 in
694 2732 835 2761 tenuem
862 2731 896 2759 et
921 2731 1058 2759 acutum
1093 2726 1229 2770 apicem
1264 2726 1455 2769 exeuntia,
1484 2730 1523 2759 ut
1557 2724 1716 2760 hostibus
