1826 3120
302 186 396 237 162
699 195 994 241 NICEPHORI
1040 195 1343 240 GREGORAE

211 314 283 349 42
427 300 542 343 Ἀλλ’
575 298 618 343 ἓν
647 303 724 354 μὲν
755 301 806 355 δὴ
840 303 964 343 τοῦτο
995 303 1158 354 δέδειχε
1186 303 1336 358 σαφῶς
1355 300 1429 357 τήν
1456 301 1588 345 πάλαι
1619 318 1757 359 κρυπ-

298 372 477 422 τομένην
503 368 546 409 ἐν
576 368 627 423 τῇ
658 368 804 409 τούτου
833 369 955 424 ψυχῇ
984 368 1090 408 κατὰ
1123 369 1193 422 τῆς
1225 369 1403 423 πατρίου
1433 384 1508 422 μοι
1523 371 1755 423 ,βασιλ-θεας

296 435 497 488 μελέτην,
541 430 734 486 καθάπερ
764 435 982 487 σπινθῆρα
1012 432 1146 487 πυρὸς
1185 436 1230 476 ἐκ
1259 428 1438 484 σποδιᾶς
1464 434 1770 488 ἀναλάμψασα

298 499 403 556 φλὸξ
448 498 680 553 πνεύματος
731 498 1038 554 ὄθενὸηποτοῦν
1079 501 1372 554 ἐρεθίσαντος·
1445 501 1643 556 δεύτερον
1681 502 1754 554 δέ,

293 564 438 620 ἐπειδὴ
471 568 543 607 καί
562 566 765 619 Ὑρκανὸν
793 563 865 607 τὸν
892 567 964 619 τῆς
993 566 1204 615 Βιθυνίας
1238 562 1352 622 ἑώρα
1393 561 1616 623 σατράπην
1638 571 1786 626 βαρ-5

291 631 435 687 βάρων
463 629 668 685 cinaeum,
703 631 851 674 ὁπόσοι
877 630 949 687 τήν
977 626 1083 687 οἷχρι
1111 634 1318 689 θαλάττης
1346 633 1493 676 Ἀσίαν
1517 631 1754 690 κεκλήρων-

289 714 373 751 ται,
406 698 566 753 πόλεων
596 699 669 752 τῆς
697 701 891 753 μεγίστης
922 697 1088 752 ἔγγιστα
1118 698 1367 754 ποιούμενον
1409 699 1486 748 τὰς
1516 699 1752 757 διατριβάς,

290 765 347 814 ὥς
379 765 672 808 πεντεκαιδεκὰ
716 781 797 807 που
819 757 1010 807 ’σταδίων
1039 763 1145 808 εἶναι
1173 764 1219 808 τὸ
1248 768 1432 820 μεταξύ,
1471 770 1646 821 πέμψας
1677 768 1752 822 τὴν

287 834 501 886 θυγατέρα
531 831 626 881 τούς
657 830 923 889 α’λλοφύλους
951 835 1132 882 ἐκείνους
1159 834 1380 888 μνηστεύει
1417 833 1577 888 γάμους
1619 833 1752 891 αὐτῷ,

288 896 339 940 ἵν’
370 896 415 939 ἐκ
459 901 533 940 τοῦ
582 899 736 953 σχεδὸν
775 900 1024 953 τελεώτερον
1064 900 1108 941 τὸ
1156 901 1240 942 ταῖν
1279 902 1537 954 χριστιανόν
1575 901 1750 959 &raptim
1766 909 1810 945 10

288 970 429 1020 γένος,
462 968 517 1007 δι’
548 966 678 1008 αὐτοῦ
717 969 880 1019 μᾶλλον
920 962 948 1020 ἢ
979 967 1066 1008 κατ’
1097 969 1251 1010 ἐκεῖνον
1278 966 1348 1009 τὸν
1374 967 1457 1010 τῶν
1483 968 1644 1011 Λυδῶν
1672 984 1753 1011 σα-

288 1030 452 1087 τράπην
483 1031 628 1087 πόρρω
663 1048 743 1074 που
783 1034 858 1087 γῆς
886 1032 961 1074 καί
986 1034 1196 1090 θαλάττης
1237 1036 1444 1077 οἰκοῦντα.
1502 1035 1572 1076 καὶ
1599 1031 1644 1076 τί
1660 1032 1748 1089 λχρὴ

287 1095 364 1147 τοὶς
393 1096 438 1140 ἐν
465 1102 580 1156 μέσῳ
608 1102 815 1153 συνείρειν
846 1100 996 1154 τύχας,
1031 1100 1106 1143 καί
1133 1098 1214 1143 ὅσα
1243 1099 1490 1157 βαρβάρους
1520 1099 1625 1144 κατὰ
1645 1098 1753 1144 Ῥω-

284 1166 424 1218 μαίων
466 1169 749 1220 στρατολογῶν
780 1168 913 1208 ἐποίει
949 1168 1088 1221 δεινά,
1132 1169 1200 1223 ἐφ’
1237 1162 1299 1217 οἷς
1337 1165 1469 1210 αὑτὸν
1496 1167 1751 1223 ἑγκαλύπτε-

286 1234 390 1272 σθαι
420 1230 506 1273 ἔδει
539 1233 736 1286 διηνεκῶς
768 1231 1100 1287 ἑγκαυχώμενος,
1133 1236 1204 1276 καί
1233 1232 1574 1288 ὑπισχνούμενος
1601 1233 1750 1290 αόίκη-
1763 1244 1807 1280 15

286 1313 353 1339 τον
383 1296 460 1352 την
494 1295 714 1351 Ῥωμαίων
756 1296 926 1342 ἅπασαν
962 1301 1039 1354 γῆν
1080 1302 1123 1342 ἐν
1151 1304 1314 1355 βραχεῖ
1347 1299 1592 1344 παντάπασι
1620 1318 1750 1344 κατα-

197 1386 270 1420 43
286 1364 466 1420 στήσειν.
539 1364 612 1407 καί
653 1361 701 1419 ἧν
729 1368 807 1418 μὲν
847 1365 869 1408 ὅ
900 1366 1057 1420 δρόμος
1084 1363 1195 1417 ἅπας
1223 1368 1339 1424 αὐτῷ
1367 1369 1454 1410 κατ’
1482 1369 1612 1421 ἐμοῦ,
1644 1369 1669 1423 ἦ
1702 1371 1748 1412 δὲ

282 1430 420 1485 βλάβη
450 1430 554 1472 κατά
595 1432 759 1473 πάντων
787 1435 1073 1485 χριστιαναῖν·
1145 1429 1278 1482 οὕτως
1318 1432 1419 1474 οὐδὲ
1458 1431 1612 1489 μικρόν
1642 1435 1749 1491 ἑφό-

284 1499 373 1538 διον
401 1496 475 1552 τὴν
504 1500 578 1539 τοῦ
605 1501 709 1539 θεοῦ
737 1499 916 1550 νομίζων
945 1497 1201 1555 ἐπικουρίαν,
1232 1501 1322 1542 οὐδ’
1353 1498 1395 1548 ἐς
1424 1498 1499 1555 τὴν
1527 1503 1609 1544 τῶν
1638 1507 1747 1556 μελ-

282 1562 440 1606 λόντων
482 1565 649 1619 μνήμην
676 1568 963 1624 κολαστηρίων
996 1566 1071 1608 ἰών
1107 1566 1321 1621 ὁπωσοῦν,
1355 1564 1450 1609 ὅλον
1479 1563 1632 1611 ἑαυτὸν
1660 1574 1804 1619 τοῖς20

283 1631 455 1684 α’σεβέσι
483 1633 742 1685 προσένειμε.
809 1633 882 1674 καί
907 1634 986 1686 μὲν
1018 1632 1068 1688 δὴ
1113 1632 1304 1689 δεύτερον
1332 1633 1491 1677 κείσθω
1519 1637 1592 1678 καί
1618 1638 1744 1678 τοῦτο

282 1698 433 1751 δεῖγμα
472 1701 546 1753 τῆς
579 1699 710 1740 αὔτοῦ
742 1701 929 1754 μελέτης,
959 1695 1031 1755 ἦν,
1076 1698 1134 1750 ὥς
1162 1700 1428 1757 εἰρήκειμεν,
1455 1701 1586 1744 πάλαι
1614 1701 1745 1745 πολύν

281 1779 374 1807 τινα
400 1763 554 1820 χρόνον
576 1763 745 1819 ἔβοσκεν
777 1763 821 1808 ἐν
844 1766 891 1823 τῇ
912 1768 1033 1824 ψυχῇ
1067 1768 1172 1810 κατὰ
1202 1770 1276 1824 τῆς
1305 1771 1483 1826 πατρίου
1513 1776 1584 1823 μοι
1614 1772 1744 1824 βασι-

414 1972 483 2007 Sed
521 1972 683 2016 profecto
734 1971 802 2007 hoc
838 1982 943 2007 unum
984 1974 1093 2020 patris
1129 1974 1200 2009 mei
1234 1974 1374 2019 imperii
1410 1972 1636 2019 cupiditatem
1665 1974 1741 2010 eius

280 2027 350 2066 qua
381 2021 448 2054 iam
484 2020 593 2054 multo
628 2026 710 2054 ante
752 2020 916 2066 flagrarat
954 2022 1057 2056 nobis
1097 2023 1181 2057 satis
1216 2022 1412 2057 declaravit
1439 2027 1602 2067 tanquam
1641 2023 1740 2057 scin-

279 2067 394 2102 tillam
427 2067 520 2112 ignis
564 2078 582 2100 e
621 2069 741 2101 cinere
781 2068 990 2103 clucescens
1032 2068 1166 2103 flamma
1202 2075 1311 2104 vento
1358 2070 1592 2113 undecunque
1639 2071 1739 2104 exci-

278 2121 386 2149 tante.
441 2115 568 2149 deinde
605 2126 709 2159 quum
747 2115 937 2159 Bithyniae
975 2122 1147 2160 satrapam
1180 2117 1380 2160 Hyrcanum
1415 2116 1641 2161 harbarorum
1670 2117 1739 2151 du-

279 2173 355 2196 cem
404 2166 578 2206 quotquot
616 2173 729 2206 usque
765 2164 806 2196 ad
847 2174 943 2196 mare
983 2164 1104 2206 Asiam
1140 2163 1324 2207 habitant,
1367 2163 1459 2199 haud
1493 2163 1619 2208 procul
1652 2165 1737 2198 sede

278 2211 379 2254 regia
413 2210 462 2241 ita
504 2214 542 2242 ut
581 2209 691 2243 ferme
726 2211 926 2254 quindecim
950 2212 1142 2245 stadiorum
1171 2211 1364 2245 intervallo
1391 2211 1552 2253 abesset,
1578 2221 1737 2245 commo-

278 2258 349 2291 rari
374 2256 591 2300 accepisset,
629 2257 778 2290 barbaro
813 2256 896 2291 huic
928 2258 1035 2292 filiam
1072 2259 1168 2293 misit
1204 2263 1239 2293 et
1273 2260 1310 2292 in
1347 2258 1736 2301 matrimonium'dedit,

279 2310 318 2338 ut
343 2313 406 2347 per
433 2303 524 2336 hunc
550 2303 704 2338 celerius
732 2310 767 2338 et
803 2304 942 2338 facilius
971 2306 1213 2350 exstingueret
1238 2304 1455 2341 Christianos
1485 2306 1602 2350 potius
1632 2316 1735 2351 quam

278 2357 317 2385 ut
342 2350 473 2393 Lydiae
501 2350 602 2383 illum
628 2357 802 2396 satrapam
829 2352 1040 2397 longinquas
1066 2358 1177 2387 terras
1204 2358 1239 2387 et
1261 2363 1340 2386 oras
1366 2353 1581 2387 habitantem
1606 2353 1734 2387 dehel-

278 2399 381 2432 laret.
442 2398 525 2442 quid
565 2398 715 2432 referam
754 2410 844 2443 quae
877 2400 1014 2433 interea
1050 2400 1164 2434 factae
1197 2401 1267 2435 sint
1292 2400 1508 2434 calamitates
1546 2405 1581 2434 et
1606 2406 1734 2447 quanta

278 2444 440 2490 pericula
464 2445 530 2478 ille
563 2447 742 2489 paraverit
771 2457 875 2490 quum
908 2447 1133 2482 barbarorum
1170 2448 1290 2491 copias
1325 2448 1361 2481 in
1386 2447 1562 2493 Romanos
1589 2453 1733 2482 contra-

278 2493 392 2526 heret.
451 2503 519 2536 qua
552 2504 590 2526 re
630 2493 780 2527 consilia
805 2504 866 2527 sua
890 2494 1033 2538 tegebat
1059 2496 1227 2528 continuo
1264 2494 1472 2539 superbiens
1505 2499 1540 2528 et
1566 2494 1669 2529 brevi
1693 2506 1733 2529 se

278 2545 421 2573 cunctas
446 2539 681 2574 Romanorum
706 2548 818 2575 terras
844 2547 1059 2576 vastaturum
1086 2552 1164 2576 esse
1189 2541 1334 2575 iactans.
1369 2552 1448 2575 nam
1471 2552 1511 2575 re
1536 2552 1623 2576 vera
1646 2542 1732 2576 mihi

278 2587 424 2620 insidias
453 2588 592 2629 paravit
609 2593 652 2621 et
678 2588 811 2622 cladem
840 2590 975 2622 cunct-is
1001 2589 1222 2624 Christianis.
1272 2589 1391 2634 itaque
1415 2600 1520 2634 quum
1546 2589 1602 2623 dei
1627 2590 1732 2622 auxi-

276 2633 362 2668 lium
394 2644 440 2675 ne
479 2635 612 2667 minimi
646 2636 786 2679 quidem
812 2636 958 2670 haberet
989 2647 1107 2680 neque
1143 2636 1179 2669 in
1221 2635 1321 2669 deum
1347 2636 1498 2670 iudicem
1522 2637 1731 2681 respiceret,

275 2686 387 2715 totum
426 2678 464 2713 'se
504 2681 600 2715 dedit
630 2683 761 2725 impiis.
820 2683 907 2716 haec
929 2694 1068 2728 quoque
1101 2683 1185 2717 satis
1218 2687 1390 2717 testantur
1423 2689 1641 2728 quantopere
1667 2682 1731 2721 ille

274 2728 378 2773 regni
404 2728 512 2771 patris
552 2730 620 2762 mei
657 2730 848 2773 cupiditate
875 2731 1052 2776 flagrarit,
1090 2740 1191 2776 quam
1227 2735 1266 2764 ut
1301 2730 1404 2764 modo
1430 2731 1596 2771 dixiiam
1620 2730 1729 2765 multo

275 2781 355 2812 aute
382 2781 536 2820 ceperat.
589 2777 682 2822 quod
709 2778 800 2813 enim
826 2780 925 2814 vere
947 2778 1075 2814 malum
1103 2783 1156 2814 est
1187 2782 1268 2823 post
1291 2783 1427 2826 tempus
1451 2782 1609 2816 naturam
1632 2788 1727 2815 suam
