1826 3120
1600 0 1615 5 ”³
1631 0 1646 25 ‘1
1651 0 1726 28 sszffls
1731 11 1740 26 ·.»

226 189 320 241 164
637 199 933 244 NicEPnom
975 198 1280 243 GREGORAE

219 306 298 357 μὲν
326 306 463 359 η’ρέμα
494 308 565 347 καί
585 307 748 362 σπουδῇ
778 309 1055 360 περαίνοντες,
1079 304 1155 359 τὸν
1174 307 1221 347 δέ
1241 314 1286 359 γε’
1306 307 1379 361 τῆς
1400 307 1501 363 ἐμῆς
1531 305 1682 350 ὖπιόν-

219 386 286 421 τες
317 366 451 421 ἄλλως
486 370 647 427 μητρὸς
687 369 979 426 ἁπλουστέραν
1018 371 1260 425 εὐμένειαν,
1301 372 1479 429 ὖφοῖλων
1505 375 1678 427 ,πετρῶν

221 438 392 495 ου’δαμῇ
423 457 487 480 πω
516 437 741 493 μαθούσης
769 437 1071 490 συμπτώματα,
1096 438 1168 480 καί
1186 439 1336 488 δόλους
1363 441 1443 492 μὲν
1472 439 1583 497 αὐτῇ
1610 442 1684 482 καί

220 506 447 559 προδοσίας
484 503 705 562 ῥάπτοντες
734 503 895 559 ἡμέρας
923 504 995 545 καί
1021 505 1174 559 νυκτός,
1203 509 1349 560 φιλίας
1377 507 1414 548 δ’
1446 501 1502 548 αὖ
1522 503 1682 562 ἑτέρω-

218 576 293 614 θεν
325 569 555 621 δεικνύντες
583 572 816 626 πρόσωπον,
847 569 1000 612 ἔλαθον
1020 573 1213 629 α’ψοφητί
1240 575 1298 631 τῷ
1329 574 1412 615 τῶν
1444 571 1714 624 διωκόντων5

220 638 528 692 προδεδωκότες
557 639 696 693 βυθῷ,
731 640 894 694 λῃστῶν
926 638 1174 693 α’δικαίτεροι
1205 639 1370 682 πάντων
1399 646 1482 690 τοῖς
1509 641 1681 695 ευέργέ-

115 702 203 756 ’45
219 721 313 752 ταις
346 707 547 759 φανέντες
576 704 689 758 ἡμῖν.
747 703 795 747 τοὶ
832 706 878 746 δὲ
909 706 1086 747 τοιαῦτα
1108 707 1179 760 τῆς
1209 703 1453 761 ἀπορρήτου
1482 710 1680 761 προνοίας

217 771 401 822 κρίματα
430 772 627 824 ἐρευνᾶν,
682 768 792 820 ὅπως
839 769 877 812 οἱ
914 771 965 812 τοὶ
1013 773 1155 814 δίκαια
1189 774 1409 828 ζητοῦντες
1447 773 1567 828 ἡμεῖς
1593 779 1679 825 τοῖς

218 838 377 886 α’δίκοις
416 836 497 878 ὑπὸ
532 839 612 879 τῶν
645 840 801 880 α’δίκων
831 840 887 879 δι’
928 836 1048 892 ἕτερα
1081 839 1380 893 προδεδόμεθα
1418 842 1491 882 νῦν
1522 839 1680 883 οὖτωσί

217 903 569 958 πλημμελήματα,
601 902 680 958 ἐγώ
718 907 797 957 μὲν
838 904 912 945 οὔκ
939 900 988 946 ἂν
1021 905 1251 960 δυναίμην·
1320 904 1454 958 ἔξεστι
1483 905 1565 961 ’γὰρ
1592 912 1677 955 τοῖς
1692 915 1736 951 10

217 971 623 1019 α’παθῶςῗέθέλουσι
666 974 834 1024 βλέπειν
874 970 925 1013 τά
957 970 1028 1013 ἴσα
1067 971 1182 1027 παρὰ
1226 971 1296 1014 τὸν
1324 975 1415 1025 βίον
1444 973 1513 1015 αἐἰ
1537 971 1679 1028 γιγνό-

215 1052 323 1089 μενα
366 1039 445 1089 μὲν
483 1040 771 1092 κεκρυμμένην
807 1040 844 1080 δ’
883 1037 1034 1092 ἔχοντα
1072 1037 1148 1093 την
1187 1041 1261 1092 τῆς
1293 1038 1497 1094 ἀληθείας
1537 1040 1678 1082 αἰτίαν

216 1103 273 1152 ὥς
299 1103 349 1145 τοὶ
382 1103 531 1145 πολλά.
601 1106 752 1157 λεγέτω
783 1106 820 1146 δ’
857 1101 932 1147 οὖν
962 1102 1074 1158 ὅμως
1103 1107 1174 1147 καί
1216 1105 1236 1146 ὃ
1269 1106 1484 1162 προφήτης
1508 1108 1676 1157 ἐκεῖνος,

208 1170 307 1211 Ἵνα
338 1169 380 1211 τί
407 1168 504 1218 ὁδὸς
550 1169 715 1222 α’σεβῶν
745 1173 991 1213 εὐυδοῦται”
1033 1173 1145 1225 βοῶν
1189 1173 1232 1214 ἐκ
1260 1173 1394 1224 μέσης
1423 1174 1494 1214 καί
1524 1175 1678 1228 φλεγο-

213 1239 341 1290 μένης
373 1239 518 1290 ψυχῆς
539 1251 549 1262 ·
622 1239 771 1290 λεγέτω
804 1239 840 1279 δ’
873 1234 966 1291 ἑξῆς
997 1239 1070 1279 καί
1113 1238 1135 1291 ἧ
1166 1237 1325 1292 μεγάλη
1355 1239 1428 1292 τῆς
1458 1238 1676 1290 εὐσεβείας
1691 1246 1733 1280 15

215 1303 370 1357 ἐκείνης
400 1302 587 1356 σάλπιγξ,
616 1304 683 1344 ἵνα
715 1303 772 1358 μή
805 1310 891 1354 τοῖς
925 1306 1103 1346 ἐκδικεῖν
1131 1305 1329 1346 ἐθέλουσι
1360 1304 1414 1349 ,τὰ
1441 1303 1500 1359 μή
1533 1305 1676 1347 δίκαια

215 1369 428 1424 πρόφασις
465 1367 512 1410 τὰ
555 1372 730 1411 τοιαῦτα
760 1372 904 1421 κακίας
946 1367 988 1428 ᾗ.
1041 1371 1402 1424 “παραδι’δονται”
1441 1369 1522 1424 γάρ
1570 1387 1676 1426 φησι

207 1434 309 1476 “nal
336 1434 491 1476 δίκαιοι
517 1432 715 1485 πολλάκις
745 1438 804 1486 εἰς
842 1443 992 1492 χεῖρας
1024 1438 1201 1491 α’σεβῶν,
1235 1437 1315 1491 οὐχ
1346 1437 1396 1479 ἵν’
1437 1440 1585 1480 ἐκεῖνοι
1617 1454 1676 1479 τι-

214 1503 432 1556 μηθῶσιν,
477 1502 569 1542 ἀλλ’
608 1503 661 1543 ἵν’
697 1497 812 1544 οἷτοι
847 1506 1164 1555 δοκιμασθῶσι·
1241 1506 1313 1546 καί
1341 1508 1496 1560 φαῦλοι
1524 1506 1603 1556 μὲν
1633 1505 1678 1546 ἑν

214 1568 383 1626 θανάτῳ
413 1570 582 1625 ἐξαισίῳ
612 1567 715 1610 κατα
748 1569 793 1611 τό
826 1573 1126 1625 γεγραμμένον,
1155 1575 1463 1626 καταγελῶνται
1494 1572 1534 1612 δ’
1562 1569 1733 1626 ὅμωςρο

213 1631 257 1674 τὸ
290 1635 427 1688 παρὸν
458 1637 657 1690 εὐσεβεῖς,
690 1634 768 1685 ἕως
797 1636 824 1690 ἡ
851 1635 1084 1693 χρηστότης
1112 1641 1186 1680 τοῦ
1214 1641 1319 1680 θεοῦ
1346 1639 1574 1693 κρύπτεται
1604 1640 1676 1680 καί

212 1698 261 1741 τά
292 1701 453 1755 μεγάλα
483 1709 649 1755 ταμιεῖα
674 1708 756 1744 ταῖν
786 1700 959 1758 ὕστερον
991 1701 1201 1760 ἑκατέροις
1224 1707 1524 1758 α’ποκειμὲνων,
1554 1705 1675 1760 ἡνίκα

214 1763 333 1821 λόγος
365 1770 438 1809 καί
468 1771 617 1822 πρᾶξις
647 1768 718 1811 καί
739 1767 949 1826 διανόημα
974 1777 1061 1820 τοῖς
1090 1773 1268 1822 δικαίοις
1298 1773 1373 1814 τοῦ
1401 1773 1507 1813 θεοῦ
1535 1770 1675 1815 σταθ-

935 1906 950 1916 ο

214 1970 340 2006 leriter
366 1973 586 2017 effecerunt,
621 1981 656 2010 et
681 1974 750 2010 alia
777 1977 836 2011 via
871 1978 1043 2012 sinceram
1069 1983 1221 2013 mentem
1247 1978 1367 2013 matris
1392 1989 1492 2012 meae
1515 1977 1672 2023 decepe-

214 2025 296 2054 runt
326 2030 415 2064 quae
449 2022 618 2065 scopulos
652 2025 688 2057 in
726 2026 811 2058 mari
837 2024 990 2059 latentes
1023 2027 1226 2071 neutiquam
1255 2031 1418 2060 noverat.
1451 2026 1554 2060 dolos
1580 2027 1673 2060 enim

217 2072 252 2100 et
286 2068 521 2110 proditionem
558 2071 591 2102 ei
629 2076 737 2104 noctu
770 2073 900 2117 diuque
927 2073 1040 2107 moliti
1075 2079 1199 2107 contra
1231 2074 1409 2106 amicitiae
1446 2073 1581 2107 vultum
1606 2083 1672 2107 co..

214 2124 287 2147 ram
323 2115 531 2149 exhibentes
574 2119 819 2162 necopinatam
866 2129 940 2152 eam
980 2126 1246 2164 persecutorum
1280 2120 1405 2154 turbae
1442 2121 1671 2154 tradiderunt.

215 2171 324 2205 quare
349 2162 452 2196 nobis
478 2169 601 2206 utpote
621 2167 681 2210 qui
703 2166 876 2200 beneficia
901 2168 936 2200 in
958 2177 1019 2201 eos
1045 2167 1315 2201 contulissemus
1340 2167 1567 2201 insidiatores
1594 2173 1672 2201 tur-

213 2209 350 2251 pissimi
377 2210 564 2244 visisunt.
627 2213 689 2246 sed
728 2214 889 2257 equidem
925 2214 986 2249 has
1021 2215 1267 2259 providentiae
1305 2225 1395 2258 quae
1420 2214 1672 2258 comprehendi

211 2265 284 2288 non
312 2261 429 2299 potest
456 2259 614 2291 rationes
640 2260 859 2305 investigare
885 2272 946 2294 cur
970 2272 1035 2296 nos
1062 2264 1121 2307 qui
1147 2263 1239 2295 iusta
1264 2272 1492 2306 sequeremur
1517 2266 1587 2295 tam
1611 2262 1671 2294 in-

209 2303 302 2335 iuste
328 2304 370 2337 ab
397 2304 565 2348 improbis
609 2308 726 2341 traditi
758 2309 885 2350 simus,
911 2319 1064 2354 nequeo.
1122 2315 1238 2343 tamen
1273 2310 1332 2353 qui
1367 2309 1589 2343 considerate
1613 2319 1670 2342 res

209 2350 388 2393 inspicere
422 2352 567 2394 volunt,
605 2365 645 2388 ea
683 2365 773 2399 quae
808 2366 872 2399 per
901 2365 1036 2390 omnem
1062 2357 1169 2391 vitam
1203 2357 1295 2390 iusta
1328 2356 1493 2390 videntur
1518 2356 1671 2389 veritate

206 2397 272 2429 niti
316 2408 406 2442 quae
443 2405 481 2432 ut
518 2399 588 2433 alia
626 2402 735 2436 multa
762 2402 970 2448 plerumque
996 2414 1060 2438 nos
1095 2404 1224 2446 lateat,
1258 2404 1454 2437 invenient.
1505 2402 1670 2447 loquatur

207 2444 317 2487 igitur
343 2446 536 2490 propheta:
565 2453 649 2482 “cur
675 2450 859 2493 impiorum
879 2448 959 2484 viae
984 2452 1111 2495 planae
1137 2450 1268 2485 sunt?”
1297 2451 1449 2484 clamans
1477 2461 1521 2483 ex
1546 2450 1668 2483 intimo

209 2496 244 2524 et
276 2492 383 2534 pleno
423 2500 580 2537 pectore.
631 2496 734 2530 tollat
777 2507 918 2542 quoque
958 2509 1082 2532 vocem
1116 2509 1259 2543 gravem
1295 2508 1391 2531 suam
1425 2499 1538 2541 pietas
1564 2503 1602 2531 ut
1625 2498 1668 2530 iis

208 2539 266 2582 qui
294 2541 418 2582 punire
445 2541 558 2575 velint
596 2544 726 2577 iniusta
761 2545 848 2578 haec
884 2557 929 2579 ne
967 2546 1037 2579 sint
1069 2556 1173 2579 causa
1206 2545 1404 2589 pravitatis.
1456 2546 1668 2579 “traduntur

207 2587 324 2618 enim'’
352 2588 448 2630 dicit,
476 2590 608 2622 “etiam
627 2592 675 2634 pii
692 2602 799 2635 saepe
817 2593 975 2626 manibus
994 2593 1176 2636 impiorum
1195 2602 1266 2626 non
1285 2601 1353 2636 quo
1378 2592 1412 2625 hi
1438 2593 1668 2625 aestimentur

206 2634 267 2667 sed
295 2643 363 2677 quo
384 2636 438 2668 illi
464 2636 669 2679 probentur.
720 2640 818 2682 impii
845 2641 934 2672 enim
961 2645 999 2672 ut
1022 2641 1187 2683 scriptum
1208 2645 1272 2682 est,
1299 2645 1379 2682 post
1403 2644 1548 2672 mortem
1574 2648 1666 2682 poe-

204 2690 269 2713 nas
299 2682 453 2715 solvent.
505 2685 554 2727 pii
581 2692 697 2719 autem
724 2687 759 2719 in
787 2688 859 2720 vita
893 2687 1085 2720 illudentur
1111 2687 1225 2731 quoad
1259 2687 1316 2719 dei
1342 2686 1477 2719 iustitia
1502 2687 1664 2730 patiatur.

205 2727 365 2772 utrisque
391 2735 473 2773 post
498 2732 602 2764 vitam
629 2733 768 2777 amplae
793 2739 831 2767 ut
855 2734 975 2767 dicunt
1000 2733 1116 2767 cellae
1146 2734 1182 2766 in
1210 2733 1334 2778 quibus
1363 2733 1522 2767 facinora
1545 2737 1665 2767 nostra

204 2778 387 2812 recondita
412 2783 493 2813 sunt
525 2781 750 2826 aperientur,
785 2787 820 2816 et
853 2781 981 2825 verba,
1009 2781 1190 2824 facinora,
1218 2781 1368 2816 consilia
1406 2780 1603 2830 aequaliter
1627 2781 1663 2816 iu
