1852 3138
982 59 1006 69 -.

265 136 564 210 msToiuAE
595 162 940 208 BYzANTmAE
960 163 1142 206 xxxii.
1177 151 1344 206 1-5.
1487 158 1583 204 377

11 278 14 286 ⁴
109 277 186 320 τοῦ
216 275 406 318 τοιοῦτον
444 269 660 328 κόμματος
704 269 813 329 ἦσαν
841 272 1095 328 παροιμίαι,
1140 266 1290 325 χώραν
1317 267 1442 324 ἔσχον
1468 284 1587 324 τητι-

58 343 67 398 f
106 343 227 386 τωῦτ’
254 342 551 385 ἐκλαλεῖσθαι·
617 339 722 394 μετὰ
754 340 833 397 γὰρ
870 339 1098 391 τοσοῦτον,
1130 333 1187 388 ὥς
1218 334 1399 392 εἴρηται,
1430 334 1588 392 χρόνον

48 421 62 438 ⁴
107 411 299 467 ὀφθέντα
340 407 391 452 τά
430 411 600 452 ἐκείνων
644 410 832 464 δυσσεβῆ
873 408 945 450 καί
989 407 1118 450 πλείω
1155 407 1227 462 τῆς
1270 405 1468 461 α’σεβείας
1507 404 1581 460 τήν

42 490 62 562 ᾖ
107 479 301 532 α’μαθιάν
331 480 562 533 κεκτημένα
601 475 806 535 λογάρια,
837 477 1000 530 μᾶλλον
1029 476 1065 517 δ’
1098 474 1230 517 εἰπεῖν
1260 472 1580 528 α’μβλωθρίδια,

8 574 14 575 ⁷
42 544 372 601 45xardyvmow
400 547 480 598 μὲν
509 550 596 594 τοῖς
630 544 812 597 οἰκείοις,
840 547 1005 598 γέλωτα
1037 543 1083 585 δὲ
1123 546 1208 591 τοϊς
1237 537 1454 596 ἡμετέροις
1478 540 1582 596 Ιἐνε-

8 615 11 618 ’
55 624 58 658 ζ
104 613 218 654 ποίει
257 611 436 667 μακρόν.
505 611 570 653 διὸ
616 611 689 653 καί
727 609 871 665 βραχὺ
911 611 1094 666 φανέντα
1141 608 1252 662 ὁμοῦ
1293 609 1348 666 τῷ
1382 608 1581 662 πληγέντι

43 731 46 733 ¹
104 679 198 734 οἷέρι
232 676 338 734 πρὸς
367 678 557 735 τοῖφανὲς
589 674 745 736 ᾤχοντο
778 675 977 720 α’πιόντα.
1047 677 1100 718 οὐ
1139 675 1224 731 μὴν
1263 673 1385 729 κόρος
1409 668 1459 730 ἦν
1490 671 1585 716 οὐδ’

104 743 218 789 οὕτω
243 745 338 804 ,τῆς
371 742 667 800 κατασχούσης
707 744 808 795 τούς
840 747 1062 798 δυσσεβεῖς
1104 745 1255 791 κακίας
1287 740 1428 793 ου’δείς
1448 774 1460 796 ,
1492 742 1581 783 ἀλλ’

44 807 57 849 st
107 811 258 869 ἑτέραν
288 813 356 870 ἐφ’
387 810 508 872 ἑτέρᾳ
537 814 679 868 τρίβον
709 817 795 862 τοῖς
816 817 1030 867 λογισμοῖς
1060 809 1270 865 ἐβάδιζον.
1330 809 1402 852 καὶ
1433 811 1582 852 πασῶν

0 893 7 921 ι’
32 871 184 941 εῇοόψὲ
214 883 409 936 βελτίστη
438 880 587 936 σφίσιν
627 877 731 935 αὕτη
769 879 1024 932 νενόμισται.
1101 878 1241 932 λόγοις
1285 878 1363 932 γὰρ
1396 880 1633 933 φιλικοῖς-4

99 945 175 990 δια
203 949 346 1002 μέσων
377 949 513 1003 φίλων
539 947 706 1001 α’νδρῶν
734 948 850 998 α’ξιοῖ
871 947 911 988 Γ
910 948 1091 1002 ρηγορᾶν
1126 941 1482 999 Καντακουζηνὸς
1514 941 1580 985 οἴ-

39 1018 50 1026 '
103 1015 207 1057 καδε
238 1016 342 1070 παρ’
371 1011 504 1057 αὐτὸν
532 1014 770 1069 α’φικέσθαι
799 1013 905 1069 πρὸς
940 1013 1174 1068 α’νᾰμνησίν
1205 1027 1248 1054 τε
1286 1012 1361 1052 καί
1390 1010 1580 1052 α’νανέω-

102 1098 168 1124 σιν
197 1078 300 1132 ἴσως
325 1082 400 1138 τῆς
431 1082 638 1136 προτέρας
665 1080 811 1136 φιλίας
842 1081 1011 1136 ἐκείνης.
1070 1082 1141 1122 καί
1171 1075 1216 1128 ὃς
1243 1080 1420 1131 νομίσας
1447 1076 1580 1132 ἔπαγ-

100 1146 247 1204 γελίαν
276 1147 613 1204 ἐπανορθώσεως
645 1145 759 1202 ἔχειν
786 1148 832 1190 τὸ
863 1148 1061 1202 πρᾶγμα,
1091 1146 1223 1196 αι’τός
1252 1161 1320 1199 τε,
1349 1145 1406 1194 ὥς
1434 1148 1578 1202 φασίν,

0 1242 4 1244 >
45 1215 308 1272 Ῑ5ἀφίκετο,
346 1217 419 1257 καί
457 1217 505 1258 σε’
531 1229 577 1269 γε
606 1217 871 1270 συνέκδημον
910 1209 961 1269 ἧν
1006 1212 1276 1269 ἐπαγόμενος.
1337 1214 1411 1254 καί
1438 1210 1468 1254 ἃ
1498 1213 1576 1264 μὲν

10 1281 12 1285 ’
102 1283 293 1340 η’κηκόειν
332 1280 462 1332 αυ’τὸς
494 1283 595 1338 παρ’
627 1281 928 1338 ὅτωνδήποτε,
971 1282 1090 1324 ταῦτ’
1141 1280 1275 1323 ἐστίν·
1345 1275 1374 1321 ἃ
1417 1280 1454 1321 δ’
1482 1276 1577 1332 ἑξῆς

105 1348 313 1404 ἐγεγόνει,
345 1349 418 1393 καί
453 1346 568 1400 ὅπως
607 1352 681 1393 καί
725 1347 824 1392 ὅθεν
854 1350 905 1392 τὰ
928 1351 999 1406 τῆς
1029 1351 1253 1401 διαλέξεως
1282 1342 1409 1397 αὖθις
1442 1345 1576 1400 α’ρξᾰ-

99 1411 206 1472 μενα
239 1413 321 1476 ὅπῃ
350 1415 660 1474 συνεπεράνθη,
694 1415 825 1472 ἡδέως
860 1414 912 1460 ὃν
939 1416 1054 1473 παρὰ
1084 1419 1163 1460 σοῦ’
1195 1419 1422 1472 πυθοίμην.

212 1482 600 1540 χΖῖυνεληλυθότοιν
629 1486 816 1540 α’μφοῖν,
850 1480 886 1527 αἶ
914 1487 1010 1542 φίλε
1043 1484 1286 1540 Κλεόδημε,
1326 1483 1405 1538 πρὸ
1439 1483 1624 1538 δείληςε

42 1549 210 1611 ηοὲιρας
237 1551 279 1602 ἐς
308 1550 355 1594 τὸ
380 1551 615 1606 μοναδικόν
643 1554 721 1594 τοῦ
750 1553 1186 1607 προβεβασιλευκότος
1214 1552 1573 1606 Καντακουζηνοῦ

102 1616 458 1676 φροντιστήριον,
498 1621 688 1675 προσηνῆ
727 1622 806 1673 μὲν
845 1618 920 1661 καί
960 1619 1101 1673 ἤρε’μα
1146 1623 1342 1673 γλυκεῖαν
1370 1616 1471 1672 ἔσχε
1499 1615 1574 1671 τήν

101 1684 242 1743 ἀρχήν
271 1686 320 1729 td
351 1688 425 1743 τῆς
458 1685 657 1741 ὁμιλίας,
701 1689 773 1728 καί
801 1687 856 1737 ὦς
890 1681 941 1743 ἦν
970 1689 1113 1736 αὐτοῖς
1153 1686 1304 1736 εἰωθὸς
1328 1684 1374 1728 ἐκ
1402 1686 1573 1738 πολλοῦ,

99 1755 291 1811 ταραχῆς
321 1755 368 1797 δὲ
395 1752 445 1797 τὰ
477 1749 571 1810 ἑξῆς
612 1756 686 1797 καί
712 1756 903 1811 θορύβου
945 1754 1083 1797 πάντα
1115 1755 1247 1809 μεστοὶ
1279 1754 1457 1810 ἐγεγόνει
1490 1769 1575 1795 πα-

101 1959 174 1989 tum
202 1962 304 1987 nsum
328 1953 572 1988 inveniebant.
623 1964 702 1988 nam
728 1958 811 1998 post
837 1958 967 1988 tantam
997 1953 1091 1998 quod
1117 1953 1268 1988 diximus
1294 1954 1465 1997 temporis
1485 1963 1571 1997 spa..

99 2003 186 2040 tium
214 2002 251 2035 in
278 2000 395 2035 lucem
432 2006 678 2045 provenerunt
711 2001 855 2035 illorum
890 2001 1061 2035 malitiosi
1101 2007 1135 2034 et
1167 2001 1360 2044 impietatis
1389 2000 1570 2045 multoque

102 2049 248 2099 maioris
274 2049 499 2093 ignorantiae
525 2049 623 2092 pleni
651 2059 834 2082 sermones
860 2049 919 2083 vel
945 2050 1063 2092 potius
1090 2049 1182 2082 fetus
1208 2050 1412 2090 monstrosi,
1442 2048 1570 2092 quibus

106 2096 248 2132 sibimet
272 2097 340 2140 ipsi
367 2097 597 2141 ignominiam
626 2097 730 2131 nobis
757 2106 844 2130 vero
870 2097 980 2130 risum
1008 2106 1172 2140 magnum
1194 2101 1398 2130 moverunt.
1449 2097 1569 2140 itaque

106 2155 200 2190 quae
226 2144 298 2178 cito
323 2149 577 2188 apparuerunt,
603 2154 674 2177 una
698 2155 775 2178 cum
790 2154 961 2188 percusso
983 2153 1066 2177 aere
1087 2149 1317 2177 evanuerant.
1367 2153 1486 2187 neque
1511 2149 1569 2176 ta-

38 2210 44 2213 *
101 2202 183 2227 men
209 2192 262 2226 sio
288 2191 362 2225 ulla
387 2192 533 2226 satietas
560 2198 636 2226 erat
654 2197 772 2226 tantae
791 2191 1076 2226 adversariorum
1091 2191 1350 2235 improbitatis3
1378 2191 1440 2224 sed
1464 2191 1568 2224 modo

103 2240 196 2274 hanc
220 2239 323 2273 modo
350 2239 448 2272 illam
477 2242 569 2274 viam
596 2241 631 2273 in
665 2239 984 2283 disceptationibus
1011 2239 1148 2272 inibant
1183 2244 1218 2272 et
1253 2239 1289 2271 in
1323 2239 1393 2272 fine
1431 2238 1499 2271 hoc
1525 2239 1569 2271 iis

100 2288 195 2322 inter
220 2286 292 2320 alia
317 2287 434 2320 omnia
460 2289 574 2322 visum
606 2293 681 2321 erat
708 2288 894 2331 optimum.
945 2287 1134 2320 amicorum
1166 2285 1331 2319 familiari
1355 2286 1569 2323 invitatione

97 2333 295 2380 ‘Gregoram
323 2334 593 2369 Cantacuzenus
618 2336 756 2369 domum
793 2345 888 2368 suam
916 2335 1063 2368 vocavit
1096 2339 1136 2367 ut
1159 2338 1395 2367 renovaretur
1421 2333 1570 2376 pristina

101 2382 268 2417 amicitia.
319 2387 355 2415 et
380 2381 445 2416 ille
471 2384 606 2417 nuntiis
633 2384 809 2416 amicitiae
840 2382 993 2415 confisus
1021 2392 1099 2415 eum
1136 2382 1307 2415 convenit
1344 2386 1379 2413 et
1411 2386 1447 2413 te
1485 2381 1568 2424 qui..

100 2431 179 2465 dem
209 2430 352 2463 comite.
405 2430 492 2464 haec
519 2436 636 2464 autem
662 2436 742 2464 sunt
757 2441 846 2474 quae
874 2430 916 2463 ab
943 2429 1023 2462 aliis
1039 2430 1176 2473 accepi.
1226 2439 1318 2472 quae
1333 2428 1426 2461 facta
1440 2427 1568 2462 deinde

99 2478 171 2513 sint
199 2483 235 2511 et
261 2479 438 2522 quomodo
466 2485 500 2512 et
525 2479 618 2512 unde
646 2479 931 2511 concertationes
946 2477 1208 2522 redintegratae
1236 2481 1383 2521 etquem
1398 2475 1440 2509 ad
1453 2475 1566 2522 Afinem

100 2525 294 2572 perductae
320 2527 391 2560 sint
415 2537 436 2560 a
460 2532 496 2561 te
522 2528 724 2571 percontari
752 2525 850 2559 volo.

235 2590 308 2625 Nos
333 2591 435 2624 ambo
461 2592 574 2624 amice
604 2591 798 2626 Cleodome
825 2601 930 2634 quum
960 2590 1182 2623 venissemus
1201 2589 1293 2622 bene
1314 2598 1417 2622 mane
1442 2589 1479 2622 in
1505 2599 1566 2622 re-

103 2637 158 2683 gis
186 2637 426 2672 Cantacuzeni
456 2638 582 2672 cellam
616 2639 843 2680 monasterii,
871 2638 982 2681 primo
1010 2637 1150 2681 quidem
1185 2642 1223 2670 ut
1246 2635 1350 2669 nobis
1377 2637 1566 2670 ineundum

103 2689 191 2726 erat,
216 2684 312 2719 laeto
342 2691 376 2719 et
404 2686 568 2720 familiari
596 2697 661 2719 usu
689 2697 764 2719 cum
781 2687 824 2718 iis
842 2686 937 2718 {ruiti
953 2695 1085 2726 sumus,
1104 2684 1244 2728 qualem
1262 2688 1371 2717 antea
1397 2694 1441 2717 ex
1455 2683 1565 2717 multo

106 2737 268 2776 tempore
296 2743 561 2767 consueramus.
612 2734 673 2767 sed
700 2733 820 2778 paullo
850 2738 931 2777 post
957 2732 1081 2765 turbae
1116 2737 1151 2764 et
1176 2730 1345 2765 tumultus
1370 2725 1566 2765 redierunt.

104 2779 165 2814 ubi
195 2781 287 2815 enim
315 2790 379 2814 rex
413 2781 682 2817 Cantacuzenus
718 2782 811 2814 inter
846 2779 1029 2825 colloquia
1057 2779 1231 2813 l‘aiamam
1265 2777 1411 2814 laudare
1445 2789 1565 2813 rursus
