1786 3138
43 682 131 719 coa.
147 683 238 728 nee·
297 682 430 732 Tor
469 682 697 732 Amr
723 682 1128 736 ΝΙΚΗΦΟΡΟΥ
1170 683 1304 737 vor
1330 665 1664 739 ΓΡΗῙὉΡΑ
1733 715 1735 717 >
1769 678 1773 682 ’

141 730 235 765 3075

95 776 122 812 ¹·
140 777 186 813 ⁵⁵
201 788 238 813 V·
399 802 601 846 ΛΟΓΟΣ
628 802 970 845 ΡΩΜΑΙΚΗΣ
1005 803 1142 845 ΜΕΝ
1169 801 1453 847 ιΣΤΟΡιΑΟ
1484 799 1577 845 ΛΕ

683 875 1095 920 ΛΟΓΜΑΤΙΚΟΣ
1120 875 1200 918 ΛΕ
1227 875 1275 922 ς’.

784 1003 895 1010 *ww—

376 1119 468 1162 Ἐπὶ
502 1118 553 1174 δὴ
583 1118 743 1169 τούτοις
771 1118 951 1170 καὶτοῖς
979 1121 1181 1173 τοιούτοις
1221 1120 1292 1164 τὸν
1323 1122 1568 1180 παράνομον
1596 1124 1704 1167 ἒκεῖ-

249 1201 320 1228 νον
351 1185 610 1238 ἆνελι’ξαντες
629 1185 756 1240 τόμον
786 1185 823 1229 οἱ
841 1189 914 1242 τῆς
936 1187 1154 1231 ἄντιθέτου
1185 1189 1398 1245 φάλαγγος
1426 1189 1577 1236 ἐκεῖνοι
1603 1190 1739 1237 τάὃεῡ

251 1256 440 1310 παρῆγον
473 1256 514 1303 ἐς
539 1255 683 1309 μέσον.

381 1320 510 1363 Μετὰ
536 1323 680 1372 ταῦτα,
701 1323 841 1378 φησίν,
871 1323 1053 1379 ἐζητήθη
1083 1324 1307 1379 δειχθῆναι
1327 1322 1445 1380 παρὰ
1463 1325 1546 1365 ταῖν
1575 1322 1705 1379 ἁγίων
1777 1324 1786 1330 ”

249 1385 314 1430 ὅτι
341 1403 385 1429 τε
417 1385 608 1430 (ἴκτισ-τόν
637 1389 726 1431 ἐστι
755 1388 800 1432 τὸ
834 1392 924 1446 φῶς
950 1392 1023 1444 τῆς
1050 1391 1125 1432 τοῦ
1154 1391 1304 1446 κυρίου
1331 1390 1705 1447 μεταμορφώσεως

245 1454 319 1496 καί
347 1452 411 1496 ὅτι
441 1453 514 1496 οῦκ
554 1454 665 1497 ἔστιν
709 1455 833 1498 οὗσιά
870 1458 946 1498 τοῦ
985 1459 1108 1498 θεοῦ·
1178 1457 1251 1499 καί
1293 1456 1516 1499 συνέθεντο
1555 1456 1704 1507 πάντες

243 1525 506 1575 γραμματεῖς
534 1522 607 1563 καί
638 1521 863 1577 ἀρχιερεῖς.
936 1522 1180 1579 προηνέχθη
1207 1522 1288 1579 γὰρ
1330 1519 1354 1564 ὅ
1381 1524 1455 1578 τῆς
1471 1523 1703 1579 -θεολογιάς
1717 1532 1760 1569 to

245 1586 463 1640 ἐπώνυμος
500 1588 540 1629 Γ
543 1588 737 1646 ρηγόριος
783 1589 961 1645 γράφων
996 1588 1163 1640 “mid-929·
1209 1589 1308 1646 ἔστη
1348 1590 1392 1631 ἐν
1438 1587 1702 1646 ὑποστήματ’,

244 1652 317 1694 καί
357 1652 480 1711 οὖσίᾳ
522 1654 673 1709 κυρίου
719 1654 826 1697 κατὰ
865 1655 910 1697 τὸ
949 1655 1260 1714 γεγραμμένον·
1329 1656 1403 1699 καί
1438 1657 1542 1698 θεοῦ
1573 1659 1701 1714 φύσιν

245 1713 354 1760 εἶδεν
383 1717 409 1774 ἢ
441 1719 727 1776 ἑξηγόρευσε.”
786 1724 859 1764 καί
879 1720 903 1764 ὅ
932 1726 1049 1772 θεῖος
1068 1723 1271 1777 Μάξιμος
1298 1723 1476 1780 γράφων
1504 1724 1548 1765 ἐν
1576 1718 1699 1778 ἑβδό-

241 1799 307 1841 μῳ
339 1786 557 1843 κεφαλαίῳ
598 1788 672 1841 τῆς
702 1786 880 1844 ’πρώτης
916 1789 999 1830 τῶν
1043 1790 1297 1845 θεολογικῶν
1340 1784 1611 1840 ἓκατοντάδος
1647 1786 1701 1831 “ὅ

279 1988 562 2039 EIUSDEM
589 1990 925 2041 NICEPHORI
957 1992 1295 2042 GREGORAE
1321 1993 1662 2043 HISTORIAE

620 2095 740 2136 ROM.
775 2094 864 2135 LIB.
894 2095 946 2135 35
974 2095 1066 2135 [ΑΒ.
1096 2094 1255 2137 DOGM.
1286 2095 1324 2136 6.

373 2304 447 2338 Tali
474 2305 582 2348 igitur
606 2306 710 2339 modo
746 2301 935 2350 illegitir'no
974 2306 1037 2340 illo
1064 2305 1244 2340 volumine
1270 2305 1435 2349 evoluto,
1477 2302 1537 2351 qui
1563 2305 1606 2340 ab
1631 2305 1696 2339 ad..

242 2352 477 2386 versariorum
505 2351 660 2396 partibus
685 2352 834 2395 stabam,
863 2353 952 2386 haec
981 2353 1214 2398 protulerunt.

375 2415 523 2457 Deinde,
545 2416 671 2460 inquit,
698 2418 892 2460 quaesitum
910 2423 963 2450 est
988 2427 1007 2450 a
1029 2418 1159 2450 sanctis
1174 2422 1212 2450 ut
1229 2417 1527 2451 demonstraretur
1551 2417 1703 2457 increta-r

241 2465 309 2494 tam
336 2471 414 2495 esse
445 2461 559 2495 lucem
594 2464 910 2507 transfigurationis
946 2465 1077 2497 domini
1112 2470 1147 2497 et
1179 2474 1248 2497 non
1289 2474 1367 2497 esse
1404 2464 1590 2498 essentiam
1624 2463 1694 2496 dei.

244 2508 515 2542 consentiebant
541 2520 662 2543 omnes
686 2511 843 2555 magistri
871 2516 906 2543 et
930 2511 1144 2545 sacerdotes.
1173 2510 1343 2544 excelluit
1369 2510 1561 2555 Gregorius
1586 2509 1650 2543 ille
1675 2518 1696 2541 ι

241 2554 425 2599 theologia
451 2557 719 2600 cognominatus
747 2558 806 2602 qui
834 2558 920 2590 haec
948 2558 1110 2601 scripsit,
1135 2567 1239 2591 nemo
1264 2558 1361 2591 stetit
1378 2559 1415 2591 in
1444 2557 1634 2591 substantia
1662 2560 1697 2588 et

245 2603 400 2635 essentia
425 2603 570 2644 domini,
597 2604 689 2647 quod
716 2605 883 2648 scriptum
910 2606 1047 2646 attinet,
1076 2608 1135 2638 aut
1168 2605 1225 2638 dei
1250 2610 1406 2638 naturam
1436 2604 1525 2638 vidit
1548 2603 1607 2638 vel
1632 2612 1697 2635 ex-

244 2647 403 2691 plicavit.
457 2654 491 2682 et
516 2650 684 2684 Maximus
711 2650 775 2684 ille
803 2652 903 2684 divus
931 2652 990 2696 qui
1015 2652 1157 2695 scripsit
1193 2652 1228 2684 in
1254 2652 1386 2695 primae
1411 2661 1528 2685 rerum
1553 2648 1698 2684 theolo-

242 2695 398 2738 gicarum
425 2698 606 2729 centuriae
633 2698 751 2740 capite
790 2698 961 2741 septimo:
998 2699 1056 2742 qui
1083 2699 1252 2731 creaturis
1289 2709 1358 2731 non
1386 2698 1523 2742 quidem
1548 2706 1612 2741 pro
1637 2705 1698 2729 es-

240 2742 357 2787 sentia
394 2743 666 2790 particeptibilis
706 2749 781 2786 est,
820 2746 880 2778 scd
918 2744 988 2778 alia
1013 2745 1070 2779 via
1101 2745 1143 2778 ab
1176 2746 1219 2778 iis
1246 2745 1304 2791 qui
1344 2749 1491 2791 possunt
1528 2741 1696 2790 cognosci
