1826 3120
297 185 390 246 106
482 158 486 159 ἦ
695 196 994 245 mear-nom
1034 196 1342 243 Graecam

293 310 389 359 σίας
416 310 640 365 θηρᾶσθαι
670 307 789 356 τινὰς
820 308 1031 360 α’μυδρῶς.
1104 307 1239 360 γνοίης
1270 308 1305 347 δ’
1334 302 1414 349 ὀὖν
1443 305 1557 360 ἅμῶς
1581 307 1758 352 ἰα’ντίὔ*
1806 322 1815 329 “

293 380 385 430 θεν,
415 377 456 420 εἷ
483 373 532 417 τοὶ
564 377 693 418 πλείω
736 374 807 416 διὰ
854 375 1083 425 συντομίαν
1129 375 1200 414 καί
1234 376 1409 416 τουτωνὶ
1446 376 1648 428 παρέντες
1676 376 1756 419 τοῦ

296 437 502 498 ἄρχοντος
550 444 835 496 διεξέλθωμεν
876 438 981 482 ἔνια.
1053 438 1170 481 ἔσται
1199 437 1279 494 γάρ
1311 441 1356 482 ἐκ
1382 443 1467 483 τῶν
1491 440 1650 494 ἔξωθεν
1677 459 1755 499 ση-
1813 435 1815 446 ⁵

289 513 420 563 μείων
444 506 657 563 γνώριμος
697 513 782 557 τοῖς
812 511 1108 562 συνετωτέροις
1149 505 1221 548 καί
1258 507 1428 549 τουτουὶ
1454 510 1525 562 τῇς
1555 508 1697 564 ψυχῆς
1727 510 1754 565 ἧ

290 576 480 624 διάθεσις
499 607 510 627 ,
539 571 620 617 καῖ
638 575 695 623 ὥς
723 577 941 631 σφαλεραί
964 578 1044 627 μὲν
1073 574 1175 628 περὶ
1200 574 1304 615 θεοῦ
1335 576 1388 632 τῇ
1420 575 1570 632 τούτου
1601 577 1787 635 καρδίᾳὸ
1811 605 1816 608 -

289 642 602 694 θαλαμεύονται
632 638 815 696 ἔννοιαι,
857 643 929 682 καί
972 639 1151 695 κηλίδων
1181 641 1234 681 ου’
1265 639 1367 692 μάλ’
1407 639 1536 692 ἀξίων
1567 647 1655 691 τοῖς
1683 643 1754 697 τῆς

289 706 507 759 εὐσεβείας
536 707 718 760 δόγμασι
746 706 791 750 τὸ
824 706 1094 761 λογιζόμενον
1119 706 1372 760 ἐμπίπλαται
1395 707 1468 762 τῆς
1493 709 1652 763 ψυχῆς.
1683 710 1755 750 καί

287 774 399 815 τοῦτ’
431 769 482 814 ἂν
525 772 588 828 εἴη
628 777 701 815 τοῦ
741 775 874 830 μηδὲν
912 775 995 816 τῶν
1025 775 1140 830 αὐτῷ
1169 778 1464 827 πραττομένων
1495 773 1751 817 εὐοδοῦσθαι

286 839 331 883 τό
361 838 506 894 αἴτιον,
539 838 675 896 ἥκιστ’
705 842 963 895 α’νεχομὲνου
994 842 1099 882 θεοῦ
1126 840 1184 895 μὴ
1215 842 1455 895 θεατρίζειν
1483 839 1560 896 τὴν
1589 841 1633 884 ἐν
1664 847 1752 891 τοῖς

284 908 356 962 τῆς
388 907 565 961 καρδίας
592 909 803 961 θαλάμοις
843 910 1132 963 κεκρυμμένην
1173 909 1323 949 κακίαν
1361 905 1432 949 διὰ
1472 908 1553 950 τῶν
1595 908 1807 960 δξωθενΙο

285 973 557 1029 πραγμάτων.
588 967 703 1028 ’ἔχει
736 975 782 1015 δὲ
812 970 963 1023 οὕτως.
1493 978 1495 981 ⁴

197 1042 272 1077 4⁰
409 1039 458 1082 Ὁ
490 1044 702 1090 Πισσαῖος
732 1039 956 1092 Νικόλαος,
983 1038 1004 1082 ὅ
1048 1043 1129 1084 τῶν
1166 1042 1548 1096 τεσσαρεσκαίδεκα
1577 1044 1750 1085 Βενετι-
1825 1030 1826 1121 ᾗ

284 1109 367 1149 κῶν
395 1109 497 1149 νεῶν
513 1108 729 1162 ναύαρχος
744 1108 923 1161 ἐκείνων,
957 1106 1007 1157 ἃς
1036 1112 1419 1151 καταπεπλευκέναι
1439 1112 1616 1163 πέρυσιν
1636 1108 1749 1166 ἔφα-
1825 1123 1826 1169 1

282 1189 361 1226 μεν
388 1172 493 1217 κατὰ
525 1178 600 1217 τοῦ
631 1175 949 1227 Γαλατωνύμου
993 1177 1226 1232 φρουρίου,
1267 1175 1413 1231 ἐπειδὴ
1459 1174 1534 1218 καί
1568 1179 1748 1230 βασιλέα

283 1241 511 1295 σύμμαχον
557 1239 680 1296 λα’βοι
730 1241 801 1284 καί
842 1239 1060 1298 ὅμόφρονα
1110 1247 1194 1290 τοῖς
1239 1245 1478 1292 Βενετικοῖς
1511 1239 1624 1293 κατὰ
1665 1239 1826 1289 τιὸν15ἶ

281 1308 555 1360 Γεννουιτῶν,
585 1304 737 1363 ὅρκους
769 1309 996 1365 φρικώδεις
1029 1307 1131 1358 δούς
1157 1310 1231 1350 καί
1258 1308 1423 1361 λαβών,
1456 1307 1585 1352 ἔπειτ’
1614 1309 1746 1358 αὐτὸς

280 1375 358 1426 μὲν
390 1368 484 1424 ὅλος
517 1376 600 1416 ταῖν
626 1373 864 1418 ἐνεστώτων
897 1378 1125 1431 τηνικαῦτα
1160 1375 1375 1430 γινόμενος
1402 1374 1534 1430 ἔργων
1561 1374 1634 1417 τόν
1662 1379 1745 1429 βαε-
1776 1389 1778 1391 ’

282 1443 403 1483 σιλέα
436 1441 541 1495 πρὸς
559 1444 638 1494 μὲν
668 1442 742 1496 τὴν
772 1442 916 1498 μάχην
945 1441 1102 1497 ἐκείνην
1124 1436 1262 1497 ἇργῶς
1293 1443 1554 1495 διακειμενον
1580 1440 1742 1495 ἔβλεπε,

280 1506 386 1561 πρὸς
418 1508 453 1549 δ’
484 1509 611 1563 ἕτερα
637 1506 712 1562 τήν
741 1505 838 1563 ὅλην
857 1507 1044 1564 σπουδὴν
1075 1506 1402 1564 περισπώμενον,
1428 1507 1477 1550 τοὶ
1505 1509 1605 1551 καθ’
1622 1508 1743 1564 ἡμῶν

282 1573 421 1615 ε’κεῖνα
457 1572 619 1628 δηλαδή
663 1573 865 1632 λῃστρικὰ
902 1577 1132 1630 συνέδρια,
1171 1573 1413 1629 βιαιότερόν
1449 1591 1536 1624 πως
1566 1578 1800 1621 &nanneno

281 1639 497 1694 διεγείρων
521 1642 581 1688 εἰς
605 1636 790 1694 τοῦργον.
821 1641 987 1683 πάντων
1018 1641 1096 1695 γάρ
1129 1640 1266 1696 ἔλεγεν
1293 1638 1442 1696 ἥκιστα
1473 1643 1559 1683 δεῖν
1591 1656 1744 1695 καρτε-

280 1709 370 1759 ρεῖν
398 1707 611 1758 ἐνταυθοῖ,
638 1708 721 1749 ταῖν
752 1710 986 1762 πολεμικῶν
1016 1709 1091 1750 ουίι
1121 1710 1386 1762 ἀνεχομένων
1408 1704 1528 1758 ’ὅλως
1543 1708 1741 1763 πραγμά-

278 1918 333 1952 his
358 1928 576 1964 cognosces,
610 1920 664 1962 si,
702 1919 940 1964 compluribus
980 1921 1169 1956 brevitatis
1204 1931 1310 1956 causa
1335 1921 1608 1965 praetermissis,
1634 1922 1736 1957 etiam

277 1966 399 1999 harum
424 1976 540 2000 rerum
565 1966 756 2000 nonnullas
783 1970 947 2012 quasdam
972 1968 1242 2012 deimperatore
1264 1968 1623 2002 commemorabimus.
1649 1979 1736 2013 per-

276 2014 406 2057 spiciet
432 2014 523 2047 enim
546 2014 752 2057 prudentior
778 2016 927 2060 quisque
963 2026 1006 2049 ex
1033 2017 1186 2049 externis
1222 2016 1427 2060 quibusdam
1452 2016 1579 2061 signis,
1605 2017 1666 2061 qui
1691 2017 1737 2050 sit

275 2060 382 2093 animi
407 2060 510 2094 istius
535 2061 687 2103 habitus,
715 2073 816 2106 quam
839 2062 985 2095 fallaces
1004 2059 1045 2096 de
1070 2063 1136 2096 deo
1163 2064 1348 2107 opiniones
1374 2064 1410 2096 in
1436 2069 1583 2106 pectore
1609 2063 1735 2097 occul..

273 2113 368 2141 tatae
392 2107 475 2149 sint,
502 2108 640 2152 quantis
666 2109 827 2143 sordibus
857 2111 1029 2154 dogmatis
1044 2121 1151 2143 verae
1175 2110 1363 2155 religionis
1388 2109 1480 2143 haud
1506 2120 1593 2144 sane
1618 2111 1734 2155 dignis

221 2174 227 2178 -
272 2164 371 2187 mens
405 2154 549 2198 oppleta
587 2156 644 2188 sit.
704 2157 772 2189 hoc
808 2157 911 2190 etiam
944 2158 980 2190 in
1014 2167 1119 2190 causa
1154 2163 1225 2199 est,
1263 2168 1323 2190 cur
1353 2157 1443 2190 nihil
1477 2167 1616 2199 eorum,
1643 2168 1733 2202 quae

272 2202 433 2244 suscipit,
471 2211 642 2246 prospere
669 2204 702 2236 ei
727 2205 912 2245 succedat3
939 2205 1024 2237 deus
1052 2205 1143 2237 enim
1168 2215 1187 2237 a
1212 2215 1252 2238 se
1284 2205 1473 2247 impetrare
1499 2214 1571 2238 non
1595 2209 1731 2248 potest,

272 2249 357 2292 quin
383 2249 640 2292 improbitatem
679 2251 715 2283 in
749 2251 854 2284 animi
889 2251 1035 2285 latebris
1069 2251 1241 2285 occultam
1283 2253 1385 2285 etiam
1426 2250 1531 2285 rebus
1578 2252 1732 2285 externis

273 2295 457 2339 propalam
498 2301 533 2329 et
559 2297 593 2329 in
621 2304 782 2341 promptu
806 2304 924 2342 ponat.
975 2309 1032 2332 res
1059 2308 1146 2332 vero
1171 2300 1220 2332 ita
1246 2298 1360 2331 habet.

401 2359 571 2395 Nicolaus
598 2360 765 2404 Pisanus,
794 2363 995 2406 praefectus
1028 2363 1169 2396 navium
1203 2363 1480 2407 quattuordecim
1506 2361 1730 2405 Venetorum,

272 2418 357 2452 quas
384 2417 475 2441 anno
511 2410 697 2452 superiore
730 2410 767 2442 iu
804 2410 989 2443 castellum
1023 2410 1167 2444 Galatae
1199 2411 1389 2454 navigasse
1427 2410 1729 2455 diximus‚'quum

271 2456 485 2498 imperatore
523 2465 665 2500 quoque
690 2457 788 2489 socio
819 2462 939 2491 contra
968 2459 1171 2492 Genuenses
1197 2457 1399 2500 adsumpto,
1438 2456 1601 2490 horribili
1629 2458 1729 2491 iure..

274 2503 421 2536 iurando
448 2502 527 2536 dato
555 2508 661 2547 atque
687 2508 847 2547 accepto,
874 2510 967 2538 totus
994 2510 1088 2538 esset
1123 2505 1158 2537 in
1182 2504 1288 2537 rebus
1313 2504 1522 2538 instantibus
1549 2504 1729 2549 gerendis,

270 2549 517 2592 imperatorem
552 2556 667 2583 autem
707 2552 748 2584 ad
777 2557 953 2585 certamen
984 2561 1148 2595 segnem,
1183 2551 1225 2584 ad
1260 2551 1347 2584 alias
1383 2562 1460 2593 res,
1498 2551 1660 2585 nimirum
1686 2552 1730 2585 ad

270 2595 423 2629 concilia
449 2596 512 2630 illa
539 2597 736 2631 latrociniis
771 2599 899 2632 similia
940 2600 975 2632 in
1001 2609 1065 2632 nos
1092 2599 1291 2640 conflanda,
1326 2599 1419 2631 omni
1446 2599 1562 2632 studio
1589 2598 1728 2631 incum-

266 2642 407 2676 bentem
435 2644 597 2686 videret,
623 2645 868 2679 vehementius
900 2657 976 2679 eum
1009 2647 1051 2679 ad
1082 2657 1154 2679 rem
1180 2652 1323 2680 strenue
1349 2646 1519 2689 agendam
1546 2646 1726 2679 excitavit.

267 2690 355 2723 dixit
381 2690 496 2731 enim,
531 2691 621 2724 nihil
660 2693 774 2725 minus
809 2702 896 2736 opus
934 2703 1013 2726 esse
1049 2703 1149 2737 quam
1176 2694 1400 2726 cunctatione
1418 2716 1428 2734 ,
1455 2692 1561 2726 rebus
1585 2692 1727 2726 bellicis

266 2737 392 2781 utique
423 2747 469 2769 ne
496 2738 532 2771 in
557 2738 667 2772 breve
692 2740 831 2783 quidem
861 2740 1066 2774 dilationem
1104 2740 1379 2784 recipientibus,
1418 2741 1481 2774 sed
1509 2740 1623 2773 statim
1649 2738 1727 2773 ala..

268 2783 434 2819 critatem
471 2784 650 2819 efficacem
691 2786 978 2831 efflagitantibus.
1039 2788 1092 2822 bis
1126 2793 1195 2821 tum
1226 2792 1261 2820 et
1285 2792 1339 2821 ter
1378 2793 1413 2821 et
1437 2787 1577 2831 saepius
1606 2786 1726 2820 eadem

1636 2850 1648 2863 Q
