<?xml version="1.0" encoding="UTF-8"?>
<!DOCTYPE html PUBLIC "-//W3C//DTD XHTML 1.0 Transitional//EN"
    "http://www.w3.org/TR/xhtml1/DTD/xhtml1-transitional.dtd">
<html xmlns="http://www.w3.org/1999/xhtml" xml:lang="en" lang="en">
 <head>
  <title>
</title>
<meta http-equiv="Content-Type" content="text/html;charset=utf-8" />
  <meta name='ocr-system' content='tesseract 3.04.00' />
  <meta name='ocr-capabilities' content='ocr_page ocr_carea ocr_par ocr_line ocrx_word'/>
</head>
<body>
  <div class='ocr_page' id='page_1' title='image "./corpusscriptorum40niebuoft_0128.png"; bbox 0 0 1826 3120; ppageno 0'>
   <div class='ocr_carea' id='block_1_1' title="bbox 316 155 1378 203">
    <p class='ocr_par' dir='ltr' id='par_1_1' title="bbox 316 155 1378 203">
     <span class='ocr_line' id='line_1_1' title="bbox 316 155 1378 203; baseline -0.002 -1"><span class='ocrx_word' id='word_1_1' title='bbox 316 155 339 202; x_wconf 85' lang='lat'><strong>1</strong></span> <span class='ocrx_word' id='word_1_2' title='bbox 350 156 408 202; x_wconf 82' lang='lat'><strong>16</strong></span> <span class='ocrx_word' id='word_1_3' title='bbox 731 158 1027 203; x_wconf 83' lang='lat' dir='ltr'><strong>NICEPHORI</strong></span> <span class='ocrx_word' id='word_1_4' title='bbox 1071 157 1378 202; x_wconf 78' lang='lat' dir='ltr'><strong>GREGORAE</strong></span> 
     </span>
    </p>
   </div>
   <div class='ocr_carea' id='block_1_2' title="bbox 100 261 1797 1784">
    <p class='ocr_par' dir='ltr' id='par_1_2' title="bbox 124 261 1791 328">
     <span class='ocr_line' id='line_1_2' title="bbox 124 261 1791 328; baseline -0.003 -20"><span class='ocrx_word' id='word_1_5' title='bbox 124 272 150 308; x_wconf 72' lang='lat' dir='ltr'><strong>f.</strong></span> <span class='ocrx_word' id='word_1_6' title='bbox 179 273 245 311; x_wconf 80' lang='lat'><strong>123</strong></span> <span class='ocrx_word' id='word_1_7' title='bbox 262 266 523 322; x_wconf 74' lang='grc' dir='ltr'><strong><em>ι.θρωπι’νης</em></strong></span> <span class='ocrx_word' id='word_1_8' title='bbox 563 268 720 322; x_wconf 78' lang='grc' dir='ltr'><strong><em>ἐκείνης</em></strong></span> <span class='ocrx_word' id='word_1_9' title='bbox 755 269 898 321; x_wconf 71' lang='grc' dir='ltr'><strong><em>ψυχῆς</em></strong></span> <span class='ocrx_word' id='word_1_10' title='bbox 927 264 971 308; x_wconf 78' lang='grc' dir='ltr'><strong><em>ἐν</em></strong></span> <span class='ocrx_word' id='word_1_11' title='bbox 1001 266 1051 321; x_wconf 85' lang='grc' dir='ltr'><strong><em>τῇ</em></strong></span> <span class='ocrx_word' id='word_1_12' title='bbox 1087 265 1188 318; x_wconf 85' lang='grc' dir='ltr'><strong><em>πρὸς</em></strong></span> <span class='ocrx_word' id='word_1_13' title='bbox 1213 267 1244 291; x_wconf 79' lang='lat'><strong>‘¹</strong></span> <span class='ocrx_word' id='word_1_14' title='bbox 1278 263 1354 319; x_wconf 81' lang='grc' dir='ltr'><strong>τὴν</strong></span> <span class='ocrx_word' id='word_1_15' title='bbox 1396 261 1536 320; x_wconf 72' lang='grc' dir='ltr'><strong><em>σάρκα</em></strong></span> <span class='ocrx_word' id='word_1_16' title='bbox 1568 262 1791 328; x_wconf 40' lang='grc' dir='ltr'><strong><em>κοινωνίᾳ-</em></strong></span> 
     </span>
    </p>

    <p class='ocr_par' dir='ltr' id='par_1_3' title="bbox 100 328 1797 785">
     <span class='ocr_line' id='line_1_3' title="bbox 100 328 1763 387; baseline -0.004 -11"><span class='ocrx_word' id='word_1_17' title='bbox 100 328 108 338; x_wconf 60' lang='grc'><em>’</em></span> <span class='ocrx_word' id='word_1_18' title='bbox 308 331 463 387; x_wconf 76' lang='grc' dir='ltr'><strong><em>ταύτης</em></strong></span> <span class='ocrx_word' id='word_1_19' title='bbox 493 331 620 375; x_wconf 78' lang='grc' dir='ltr'><strong><em>οἷονεί</em></strong></span> <span class='ocrx_word' id='word_1_20' title='bbox 654 334 930 386; x_wconf 82' lang='grc' dir='ltr'><strong><em>κοιμωμένας.</em></strong></span> <span class='ocrx_word' id='word_1_21' title='bbox 1004 330 1072 372; x_wconf 80' lang='grc' dir='ltr'><strong><em>διὰ</em></strong></span> <span class='ocrx_word' id='word_1_22' title='bbox 1102 330 1183 385; x_wconf 73' lang='grc' dir='ltr'><strong><em>γάρ</em></strong></span> <span class='ocrx_word' id='word_1_23' title='bbox 1213 333 1339 372; x_wconf 78' lang='grc' dir='ltr'><strong><em>τοῦτο</em></strong></span> <span class='ocrx_word' id='word_1_24' title='bbox 1369 329 1481 384; x_wconf 74' lang='grc' dir='ltr'><strong>κᾶγώ</strong></span> <span class='ocrx_word' id='word_1_25' title='bbox 1509 331 1591 373; x_wconf 77' lang='grc' dir='ltr'><strong><em>τῶν</em></strong></span> <span class='ocrx_word' id='word_1_26' title='bbox 1618 328 1763 373; x_wconf 73' lang='grc' dir='ltr'><strong><em>τοιού-</em></strong></span> 
     </span>
     <span class='ocr_line' id='line_1_4' title="bbox 308 394 1763 454; baseline -0.003 -12"><span class='ocrx_word' id='word_1_27' title='bbox 308 417 390 442; x_wconf 88' lang='grc' dir='ltr'><strong>των</strong></span> <span class='ocrx_word' id='word_1_28' title='bbox 420 398 707 454; x_wconf 83' lang='grc' dir='ltr'><strong><em>α’ποσχόμενος</em></strong></span> <span class='ocrx_word' id='word_1_29' title='bbox 726 397 994 454; x_wconf 81' lang='grc' dir='ltr'><strong><em>α’φηγὴσεων,</em></strong></span> <span class='ocrx_word' id='word_1_30' title='bbox 1022 399 1095 438; x_wconf 85' lang='grc' dir='ltr'><em>καί</em></span> <span class='ocrx_word' id='word_1_31' title='bbox 1118 396 1234 450; x_wconf 79' lang='grc' dir='ltr'><strong><em>μάλα</em></strong></span> <span class='ocrx_word' id='word_1_32' title='bbox 1266 414 1304 439; x_wconf 87' lang='grc' dir='ltr'><strong>τι</strong></span> <span class='ocrx_word' id='word_1_33' title='bbox 1335 398 1528 448; x_wconf 86' lang='grc' dir='ltr'><strong><em>πλείστας</em></strong></span> <span class='ocrx_word' id='word_1_34' title='bbox 1555 394 1666 451; x_wconf 75' lang='grc' dir='ltr'><strong><em>ἔχων</em></strong></span> <span class='ocrx_word' id='word_1_35' title='bbox 1694 398 1763 439; x_wconf 86' lang='grc' dir='ltr'><strong><em>δι-</em></strong></span> 
     </span>
     <span class='ocr_line' id='line_1_5' title="bbox 308 463 1764 521; baseline -0.002 -14"><span class='ocrx_word' id='word_1_36' title='bbox 308 468 477 519; x_wconf 82' lang='grc' dir='ltr'><strong><em>εξιέναι,</em></strong></span> <span class='ocrx_word' id='word_1_37' title='bbox 507 466 603 521; x_wconf 84' lang='grc' dir='ltr'><strong><em>σιγῇ</em></strong></span> <span class='ocrx_word' id='word_1_38' title='bbox 634 466 848 519; x_wconf 78' lang='grc' dir='ltr'><strong><em>παρέσχον</em></strong></span> <span class='ocrx_word' id='word_1_39' title='bbox 877 464 954 519; x_wconf 70' lang='grc' dir='ltr'><strong>τὴν</strong></span> <span class='ocrx_word' id='word_1_40' title='bbox 980 466 1182 518; x_wconf 74' lang='grc' dir='ltr'><strong><em>γλῶτταν.</em></strong></span> <span class='ocrx_word' id='word_1_41' title='bbox 1223 466 1326 520; x_wconf 87' lang='grc' dir='ltr'><strong><em>φέρε</em></strong></span> <span class='ocrx_word' id='word_1_42' title='bbox 1354 463 1491 505; x_wconf 87' lang='grc' dir='ltr'><strong><em>τοίνυν</em></strong></span> <span class='ocrx_word' id='word_1_43' title='bbox 1517 465 1602 505; x_wconf 70' lang='grc' dir='ltr'><strong>τῶν</strong></span> <span class='ocrx_word' id='word_1_44' title='bbox 1629 464 1764 518; x_wconf 85' lang='grc' dir='ltr'><strong><em>δημο-</em></strong></span> 
     </span>
     <span class='ocr_line' id='line_1_6' title="bbox 307 527 1797 586; baseline -0.001 -12"><span class='ocrx_word' id='word_1_45' title='bbox 307 535 409 574; x_wconf 88' lang='grc' dir='ltr'><strong><em>σίων</em></strong></span> <span class='ocrx_word' id='word_1_46' title='bbox 439 531 692 586; x_wconf 81' lang='grc' dir='ltr'><strong><em>πραγμάτων</em></strong></span> <span class='ocrx_word' id='word_1_47' title='bbox 722 529 946 584; x_wconf 81' lang='grc' dir='ltr'><strong><em>ἐχόμενος,</em></strong></span> <span class='ocrx_word' id='word_1_48' title='bbox 977 527 1079 572; x_wconf 84' lang='grc' dir='ltr'><strong><em>ὅπου</em></strong></span> <span class='ocrx_word' id='word_1_49' title='bbox 1117 529 1163 571; x_wconf 87' lang='grc' dir='ltr'>τὸ</span> <span class='ocrx_word' id='word_1_50' title='bbox 1197 528 1401 585; x_wconf 87' lang='grc' dir='ltr'><strong><em>πρότερον</em></strong></span> <span class='ocrx_word' id='word_1_51' title='bbox 1445 527 1559 584; x_wconf 80' lang='grc' dir='ltr'><strong><em>ἴχνος</em></strong></span> <span class='ocrx_word' id='word_1_52' title='bbox 1586 530 1661 572; x_wconf 75' lang='grc' dir='ltr'><strong>τοῦ</strong></span> <span class='ocrx_word' id='word_1_53' title='bbox 1687 528 1797 573; x_wconf 79' lang='grc' dir='ltr'><strong><em>λ’ό-5</em></strong></span> 
     </span>
     <span class='ocr_line' id='line_1_7' title="bbox 306 594 1761 654; baseline 0 -15"><span class='ocrx_word' id='word_1_54' title='bbox 306 614 381 652; x_wconf 88' lang='grc' dir='ltr'><strong><em>γου</em></strong></span> <span class='ocrx_word' id='word_1_55' title='bbox 410 595 461 639; x_wconf 74' lang='grc' dir='ltr'><strong><em>οὐ</em></strong></span> <span class='ocrx_word' id='word_1_56' title='bbox 485 600 804 654; x_wconf 81' lang='grc' dir='ltr'><strong><em>καταλέλοιπας,</em></strong></span> <span class='ocrx_word' id='word_1_57' title='bbox 835 598 925 650; x_wconf 86' lang='grc' dir='ltr'><strong><em>λέγε</em></strong></span> <span class='ocrx_word' id='word_1_58' title='bbox 947 594 1053 638; x_wconf 80' lang='grc' dir='ltr'><strong><em>κατὰ</em></strong></span> <span class='ocrx_word' id='word_1_59' title='bbox 1077 595 1120 638; x_wconf 79' lang='grc' dir='ltr'><strong><em>τὸ</em></strong></span> <span class='ocrx_word' id='word_1_60' title='bbox 1146 597 1319 649; x_wconf 82' lang='grc' dir='ltr'><strong><em>συνεχὲς</em></strong></span> <span class='ocrx_word' id='word_1_61' title='bbox 1349 594 1464 650; x_wconf 72' lang='grc' dir='ltr'><strong><em>ἡμῖν,</em></strong></span> <span class='ocrx_word' id='word_1_62' title='bbox 1495 595 1761 652; x_wconf 74' lang='grc' dir='ltr'><strong><em>ἄναμιμνησ-</em></strong></span> 
     </span>
     <span class='ocr_line' id='line_1_8' title="bbox 306 660 1763 719; baseline 0 -13"><span class='ocrx_word' id='word_1_63' title='bbox 306 665 476 718; x_wconf 87' lang='grc' dir='ltr'><strong><em>κόμενος</em></strong></span> <span class='ocrx_word' id='word_1_64' title='bbox 515 666 599 706; x_wconf 74' lang='grc' dir='ltr'><strong>τῶν</strong></span> <span class='ocrx_word' id='word_1_65' title='bbox 628 662 785 718; x_wconf 79' lang='grc' dir='ltr'><strong><em>εἱρμῶν</em></strong></span> <span class='ocrx_word' id='word_1_66' title='bbox 810 664 967 718; x_wconf 78' lang='grc' dir='ltr'><strong><em>ἐκείνης</em></strong></span> <span class='ocrx_word' id='word_1_67' title='bbox 998 665 1070 718; x_wconf 79' lang='grc' dir='ltr'><strong>τῆς</strong></span> <span class='ocrx_word' id='word_1_68' title='bbox 1109 660 1387 719; x_wconf 76' lang='grc' dir='ltr'><strong><em>α’φηγὴσεως,</em></strong></span> <span class='ocrx_word' id='word_1_69' title='bbox 1414 661 1530 716; x_wconf 71' lang='grc' dir='ltr'><strong><em>μάλα</em></strong></span> <span class='ocrx_word' id='word_1_70' title='bbox 1557 677 1626 706; x_wconf 84' lang='grc' dir='ltr'><strong>σοι</strong></span> <span class='ocrx_word' id='word_1_71' title='bbox 1654 663 1763 719; x_wconf 83' lang='grc' dir='ltr'><strong><em>πρό-</em></strong></span> 
     </span>
     <span class='ocr_line' id='line_1_9' title="bbox 306 728 1281 785; baseline -0.002 -12"><span class='ocrx_word' id='word_1_72' title='bbox 306 735 446 785; x_wconf 88' lang='grc' dir='ltr'><strong><em>θυμον</em></strong></span> <span class='ocrx_word' id='word_1_73' title='bbox 479 730 649 784; x_wconf 75' lang='grc' dir='ltr'><strong><em>ὑπέχειν</em></strong></span> <span class='ocrx_word' id='word_1_74' title='bbox 680 732 1003 784; x_wconf 82' lang='grc' dir='ltr'><strong><em>βεβουλημένοις</em></strong></span> <span class='ocrx_word' id='word_1_75' title='bbox 1029 728 1106 785; x_wconf 70' lang='grc' dir='ltr'><strong>τήν</strong></span> <span class='ocrx_word' id='word_1_76' title='bbox 1137 729 1281 784; x_wconf 81' lang='grc' dir='ltr'><strong><em>α’κοήν.</em></strong></span> 
     </span>
    </p>

    <p class='ocr_par' dir='ltr' id='par_1_4' title="bbox 219 789 1797 1699">
     <span class='ocr_line' id='line_1_10' title="bbox 219 789 1762 852; baseline -0.001 -11"><span class='ocrx_word' id='word_1_77' title='bbox 219 806 291 841; x_wconf 73' lang='grc'><strong>61</strong></span> <span class='ocrx_word' id='word_1_78' title='bbox 440 792 503 839; x_wconf 70' lang='grc' dir='ltr'><strong>Εὖ</strong></span> <span class='ocrx_word' id='word_1_79' title='bbox 530 798 610 849; x_wconf 83' lang='grc' dir='ltr'><strong>μὲν</strong></span> <span class='ocrx_word' id='word_1_80' title='bbox 637 798 782 850; x_wconf 83' lang='grc' dir='ltr'><strong><em>λέγεις,</em></strong></span> <span class='ocrx_word' id='word_1_81' title='bbox 809 791 843 838; x_wconf 67' lang='grc' dir='ltr'><strong><em>αἶ</em></strong></span> <span class='ocrx_word' id='word_1_82' title='bbox 873 797 975 852; x_wconf 84' lang='grc' dir='ltr'><strong><em>φίλη</em></strong></span> <span class='ocrx_word' id='word_1_83' title='bbox 993 811 1067 850; x_wconf 91' lang='grc' dir='ltr'><strong>μοι</strong></span> <span class='ocrx_word' id='word_1_84' title='bbox 1086 789 1261 852; x_wconf 55' lang='lat' dir='ltr'><strong>napum,</strong></span> <span class='ocrx_word' id='word_1_85' title='bbox 1293 796 1591 850; x_wconf 76' lang='grc' dir='ltr'><strong><em>συγγινώσκειν</em></strong></span> <span class='ocrx_word' id='word_1_86' title='bbox 1617 799 1657 840; x_wconf 86' lang='grc' dir='ltr'><strong>δ’</strong></span> <span class='ocrx_word' id='word_1_87' title='bbox 1685 793 1762 839; x_wconf 68' lang='grc' dir='ltr'><strong>οὖν</strong></span> 
     </span>
     <span class='ocr_line' id='line_1_11' title="bbox 306 861 1796 918; baseline 0.001 -12"><span class='ocrx_word' id='word_1_88' title='bbox 306 880 354 907; x_wconf 86' lang='grc' dir='ltr'><strong>σε</strong></span> <span class='ocrx_word' id='word_1_89' title='bbox 385 865 474 916; x_wconf 83' lang='grc' dir='ltr'><strong><em>δεῖ,</em></strong></span> <span class='ocrx_word' id='word_1_90' title='bbox 520 863 593 905; x_wconf 82' lang='grc' dir='ltr'>καί</span> <span class='ocrx_word' id='word_1_91' title='bbox 634 861 691 916; x_wconf 75' lang='grc' dir='ltr'><strong><em>μὴ</em></strong></span> <span class='ocrx_word' id='word_1_92' title='bbox 732 861 842 904; x_wconf 78' lang='grc' dir='ltr'><strong><em>πάνυ</em></strong></span> <span class='ocrx_word' id='word_1_93' title='bbox 875 878 945 916; x_wconf 93' lang='grc' dir='ltr'><strong>μοι</strong></span> <span class='ocrx_word' id='word_1_94' title='bbox 984 865 1247 918; x_wconf 78' lang='grc' dir='ltr'><strong><em>μέμφεσθαι.</em></strong></span> <span class='ocrx_word' id='word_1_95' title='bbox 1317 863 1370 903; x_wconf 86' lang='grc' dir='ltr'><strong><em>ου’</em></strong></span> <span class='ocrx_word' id='word_1_96' title='bbox 1403 862 1482 918; x_wconf 85' lang='grc' dir='ltr'><strong><em>γὰρ</em></strong></span> <span class='ocrx_word' id='word_1_97' title='bbox 1511 862 1796 918; x_wconf 74' lang='grc' dir='ltr'><strong><em>βουλόμενος1</em></strong></span> 
     </span>
     <span class='ocr_line' id='line_1_12' title="bbox 306 919 1766 985; baseline 0 -13"><span class='ocrx_word' id='word_1_98' title='bbox 306 932 523 983; x_wconf 80' lang='grc' dir='ltr'><strong><em>λοιδορεῖν,</em></strong></span> <span class='ocrx_word' id='word_1_99' title='bbox 555 929 645 970; x_wconf 70' lang='grc' dir='ltr'><strong><em>ἀλλ’</em></strong></span> <span class='ocrx_word' id='word_1_100' title='bbox 675 928 862 984; x_wconf 83' lang='grc' dir='ltr'><strong><em>ἱστορίας</em></strong></span> <span class='ocrx_word' id='word_1_101' title='bbox 892 919 999 971; x_wconf 74' lang='grc' dir='ltr'><strong><em>εἶναι</em></strong></span> <span class='ocrx_word' id='word_1_102' title='bbox 1028 931 1100 970; x_wconf 79' lang='grc' dir='ltr'><strong><em>καί</em></strong></span> <span class='ocrx_word' id='word_1_103' title='bbox 1136 928 1258 971; x_wconf 84' lang='grc' dir='ltr'><strong><em>ταυτί</em></strong></span> <span class='ocrx_word' id='word_1_104' title='bbox 1287 932 1539 983; x_wconf 86' lang='grc' dir='ltr'><strong><em>συμμαχίαν</em></strong></span> <span class='ocrx_word' id='word_1_105' title='bbox 1581 927 1766 985; x_wconf 73' lang='grc' dir='ltr'><strong><em>ἡγούμε-</em></strong></span> 
     </span>
     <span class='ocr_line' id='line_1_13' title="bbox 304 992 1767 1052; baseline 0 -13"><span class='ocrx_word' id='word_1_106' title='bbox 304 1013 371 1046; x_wconf 88' lang='grc' dir='ltr'><strong>νος</strong></span> <span class='ocrx_word' id='word_1_107' title='bbox 414 994 490 1050; x_wconf 79' lang='grc' dir='ltr'><strong>τῆν</strong></span> <span class='ocrx_word' id='word_1_108' title='bbox 522 994 763 1050; x_wconf 83' lang='grc' dir='ltr'><strong><em>βελτίστην,</em></strong></span> <span class='ocrx_word' id='word_1_109' title='bbox 807 993 886 1049; x_wconf 79' lang='grc' dir='ltr'><strong>ἐγώ</strong></span> <span class='ocrx_word' id='word_1_110' title='bbox 930 992 1106 1052; x_wconf 78' lang='grc' dir='ltr'><strong><em>διεξῄειν</em></strong></span> <span class='ocrx_word' id='word_1_111' title='bbox 1144 1011 1212 1038; x_wconf 90' lang='grc' dir='ltr'><strong>σοι</strong></span> <span class='ocrx_word' id='word_1_112' title='bbox 1248 995 1372 1050; x_wconf 82' lang='grc' dir='ltr'><strong><em>μήπω</em></strong></span> <span class='ocrx_word' id='word_1_113' title='bbox 1410 997 1626 1038; x_wconf 79' lang='grc' dir='ltr'><strong><em>πυθέσθαι</em></strong></span> <span class='ocrx_word' id='word_1_114' title='bbox 1665 998 1767 1052; x_wconf 82' lang='grc' dir='ltr'><strong><em>μηδ’</em></strong></span> 
     </span>
     <span class='ocr_line' id='line_1_14' title="bbox 305 1053 1768 1117; baseline 0.001 -14"><span class='ocrx_word' id='word_1_115' title='bbox 305 1061 481 1104; x_wconf 76' lang='grc' dir='ltr'><strong><em>ὁθενοῦν</em></strong></span> <span class='ocrx_word' id='word_1_116' title='bbox 509 1059 707 1115; x_wconf 79' lang='grc' dir='ltr'><strong><em>ἐσχηκότι</em></strong></span> <span class='ocrx_word' id='word_1_117' title='bbox 736 1059 955 1116; x_wconf 82' lang='grc' dir='ltr'><strong><em>καινότερα</em></strong></span> <span class='ocrx_word' id='word_1_118' title='bbox 985 1053 1095 1103; x_wconf 66' lang='grc' dir='ltr'><strong><em>ὄντα.</em></strong></span> <span class='ocrx_word' id='word_1_119' title='bbox 1152 1064 1369 1115; x_wconf 84' lang='grc' dir='ltr'><strong><em>μέμνημαι</em></strong></span> <span class='ocrx_word' id='word_1_120' title='bbox 1388 1061 1467 1117; x_wconf 69' lang='grc' dir='ltr'><strong><em>γάρ</em></strong></span> <span class='ocrx_word' id='word_1_121' title='bbox 1499 1077 1578 1104; x_wconf 88' lang='grc' dir='ltr'><strong>σου</strong></span> <span class='ocrx_word' id='word_1_122' title='bbox 1607 1059 1768 1104; x_wconf 77' lang='grc' dir='ltr'><strong><em>πολλά-</em></strong></span> 
     </span>
     <span class='ocr_line' id='line_1_15' title="bbox 306 1123 1766 1186; baseline 0.001 -16"><span class='ocrx_word' id='word_1_123' title='bbox 306 1145 368 1178; x_wconf 90' lang='grc' dir='ltr'><strong>κις</strong></span> <span class='ocrx_word' id='word_1_124' title='bbox 396 1128 581 1177; x_wconf 81' lang='grc' dir='ltr'><strong><em>εἰπόντος</em></strong></span> <span class='ocrx_word' id='word_1_125' title='bbox 610 1123 675 1170; x_wconf 75' lang='grc' dir='ltr'><strong>ὅτι</strong></span> <span class='ocrx_word' id='word_1_126' title='bbox 705 1128 899 1181; x_wconf 76' lang='grc' dir='ltr'><strong><em>καθάπερ</em></strong></span> <span class='ocrx_word' id='word_1_127' title='bbox 930 1129 974 1170; x_wconf 82' lang='grc' dir='ltr'><strong><em>ἐν</em></strong></span> <span class='ocrx_word' id='word_1_128' title='bbox 1000 1127 1183 1186; x_wconf 68' lang='grc' dir='ltr'><strong><em>ἁρμονία</em></strong></span> <span class='ocrx_word' id='word_1_129' title='bbox 1224 1131 1486 1183; x_wconf 86' lang='grc' dir='ltr'><strong><em>πολυμιγέων</em></strong></span> <span class='ocrx_word' id='word_1_130' title='bbox 1526 1126 1673 1180; x_wconf 79' lang='grc' dir='ltr'><strong><em>ἕνωσις</em></strong></span> <span class='ocrx_word' id='word_1_131' title='bbox 1699 1132 1766 1184; x_wconf 72' lang='grc' dir='ltr'><strong>γί·</strong></span> 
     </span>
     <span class='ocr_line' id='line_1_16' title="bbox 305 1190 1796 1250; baseline 0.003 -14"><span class='ocrx_word' id='word_1_132' title='bbox 305 1210 422 1236; x_wconf 84' lang='grc' dir='ltr'><strong><em>νεται</em></strong></span> <span class='ocrx_word' id='word_1_133' title='bbox 450 1195 522 1235; x_wconf 82' lang='grc' dir='ltr'><em>καί</em></span> <span class='ocrx_word' id='word_1_134' title='bbox 547 1195 648 1247; x_wconf 83' lang='grc' dir='ltr'><strong><em>δι’χα</em></strong></span> <span class='ocrx_word' id='word_1_135' title='bbox 680 1192 939 1250; x_wconf 84' lang='grc' dir='ltr'><strong><em>φρονεόντων</em></strong></span> <span class='ocrx_word' id='word_1_136' title='bbox 983 1194 1304 1250; x_wconf 69' lang='grc' dir='ltr'><strong><em>συμφρόνησις,</em></strong></span> <span class='ocrx_word' id='word_1_137' title='bbox 1338 1197 1411 1237; x_wconf 82' lang='grc' dir='ltr'>καί</span> <span class='ocrx_word' id='word_1_138' title='bbox 1437 1190 1578 1250; x_wconf 79' lang='grc' dir='ltr'><strong><em>ὥσπερ</em></strong></span> <span class='ocrx_word' id='word_1_139' title='bbox 1610 1194 1796 1249; x_wconf 73' lang='grc' dir='ltr'><strong><em>ὅμοίωςΙ</em></strong></span> 
     </span>
     <span class='ocr_line' id='line_1_17' title="bbox 306 1259 1765 1318; baseline 0.001 -16"><span class='ocrx_word' id='word_1_140' title='bbox 306 1261 350 1302; x_wconf 78' lang='grc' dir='ltr'><strong><em>ἐν</em></strong></span> <span class='ocrx_word' id='word_1_141' title='bbox 375 1265 464 1309; x_wconf 80' lang='grc' dir='ltr'><strong><em>ταῖς</em></strong></span> <span class='ocrx_word' id='word_1_142' title='bbox 490 1261 745 1312; x_wconf 79' lang='grc' dir='ltr'><strong><em>οἰκοδομίαις</em></strong></span> <span class='ocrx_word' id='word_1_143' title='bbox 788 1260 902 1302; x_wconf 87' lang='grc' dir='ltr'><strong><em>λίθοι</em></strong></span> <span class='ocrx_word' id='word_1_144' title='bbox 931 1276 975 1303; x_wconf 89' lang='grc' dir='ltr'><strong>τε</strong></span> <span class='ocrx_word' id='word_1_145' title='bbox 1009 1260 1082 1302; x_wconf 75' lang='grc' dir='ltr'><strong><em>καί</em></strong></span> <span class='ocrx_word' id='word_1_146' title='bbox 1109 1259 1212 1311; x_wconf 82' lang='grc' dir='ltr'><strong><em>’ξύλα</em></strong></span> <span class='ocrx_word' id='word_1_147' title='bbox 1261 1260 1335 1303; x_wconf 80' lang='grc' dir='ltr'>καί</span> <span class='ocrx_word' id='word_1_148' title='bbox 1361 1262 1492 1317; x_wconf 84' lang='grc' dir='ltr'><strong><em>πηλός</em></strong></span> <span class='ocrx_word' id='word_1_149' title='bbox 1530 1262 1603 1304; x_wconf 84' lang='grc' dir='ltr'><strong><em>καί</em></strong></span> <span class='ocrx_word' id='word_1_150' title='bbox 1630 1261 1765 1318; x_wconf 82' lang='grc' dir='ltr'><strong><em>χοὶληξ</em></strong></span> 
     </span>
     <span class='ocr_line' id='line_1_18' title="bbox 305 1322 1763 1384; baseline 0.002 -17"><span class='ocrx_word' id='word_1_151' title='bbox 305 1328 379 1367; x_wconf 77' lang='grc' dir='ltr'><strong><em>καί</em></strong></span> <span class='ocrx_word' id='word_1_152' title='bbox 404 1323 574 1380; x_wconf 68' lang='grc' dir='ltr'><strong><em>τοιαύτη</em></strong></span> <span class='ocrx_word' id='word_1_153' title='bbox 602 1342 664 1376; x_wconf 85' lang='grc' dir='ltr'><strong>τις</strong></span> <span class='ocrx_word' id='word_1_154' title='bbox 710 1322 817 1382; x_wconf 67' lang='grc' dir='ltr'><strong><em>ἄλλη</em></strong></span> <span class='ocrx_word' id='word_1_155' title='bbox 858 1325 1084 1381; x_wconf 86' lang='grc' dir='ltr'><strong><em>πολυειδη’ς</em></strong></span> <span class='ocrx_word' id='word_1_156' title='bbox 1117 1343 1179 1376; x_wconf 88' lang='grc' dir='ltr'><strong>τις</strong></span> <span class='ocrx_word' id='word_1_157' title='bbox 1225 1327 1494 1384; x_wconf 90' lang='grc' dir='ltr'><strong><em>συμφόρησις</em></strong></span> <span class='ocrx_word' id='word_1_158' title='bbox 1538 1327 1631 1383; x_wconf 69' lang='grc' dir='ltr'><strong><em>ἥκει</em></strong></span> <span class='ocrx_word' id='word_1_159' title='bbox 1659 1329 1763 1382; x_wconf 84' lang='grc' dir='ltr'><strong><em>πρός</em></strong></span> 
     </span>
     <span class='ocr_line' id='line_1_19' title="bbox 303 1387 1766 1451; baseline 0.002 -19"><span class='ocrx_word' id='word_1_160' title='bbox 303 1387 496 1447; x_wconf 74' lang='grc' dir='ltr'><strong><em>τοῦργον,</em></strong></span> <span class='ocrx_word' id='word_1_161' title='bbox 526 1388 634 1434; x_wconf 74' lang='grc' dir='ltr'><strong><em>οὕτω</em></strong></span> <span class='ocrx_word' id='word_1_162' title='bbox 665 1393 881 1434; x_wconf 80' lang='grc' dir='ltr'><strong><em>κάνταῦθα</em></strong></span> <span class='ocrx_word' id='word_1_163' title='bbox 913 1394 965 1450; x_wconf 80' lang='grc' dir='ltr'><strong><em>τῇ</em></strong></span> <span class='ocrx_word' id='word_1_164' title='bbox 993 1392 1155 1451; x_wconf 77' lang='grc' dir='ltr'><strong><em>ἱστορίᾳ</em></strong></span> <span class='ocrx_word' id='word_1_165' title='bbox 1196 1394 1363 1436; x_wconf 79' lang='grc' dir='ltr'><strong><em>πάντων</em></strong></span> <span class='ocrx_word' id='word_1_166' title='bbox 1396 1397 1484 1436; x_wconf 79' lang='grc' dir='ltr'><strong><em>δεῖν</em></strong></span> <span class='ocrx_word' id='word_1_167' title='bbox 1511 1397 1592 1437; x_wconf 74' lang='grc' dir='ltr'><strong>τῶν</strong></span> <span class='ocrx_word' id='word_1_168' title='bbox 1618 1394 1766 1437; x_wconf 78' lang='grc' dir='ltr'><strong><em>τοιού-</em></strong></span> 
     </span>
     <span class='ocr_line' id='line_1_20' title="bbox 306 1455 1765 1518; baseline 0.003 -19"><span class='ocrx_word' id='word_1_169' title='bbox 306 1474 390 1500; x_wconf 90' lang='grc' dir='ltr'><strong><em>των</em></strong></span> <span class='ocrx_word' id='word_1_170' title='bbox 409 1475 418 1484; x_wconf 95' lang='grc'><em>·</em></span> <span class='ocrx_word' id='word_1_171' title='bbox 447 1461 552 1511; x_wconf 89' lang='grc' dir='ltr'><strong>μιάν</strong></span> <span class='ocrx_word' id='word_1_172' title='bbox 590 1455 669 1514; x_wconf 76' lang='grc' dir='ltr'><strong><em>γάρ</em></strong></span> <span class='ocrx_word' id='word_1_173' title='bbox 697 1475 791 1501; x_wconf 89' lang='grc' dir='ltr'><strong><em>τινα</em></strong></span> <span class='ocrx_word' id='word_1_174' title='bbox 821 1465 904 1509; x_wconf 83' lang='grc' dir='ltr'><strong><em>τοῖς</em></strong></span> <span class='ocrx_word' id='word_1_175' title='bbox 939 1463 1127 1513; x_wconf 81' lang='grc' dir='ltr'><strong><em>μετιοῦσι</em></strong></span> <span class='ocrx_word' id='word_1_176' title='bbox 1158 1462 1350 1515; x_wconf 85' lang='grc' dir='ltr'><strong><em>γίνεσθαι</em></strong></span> <span class='ocrx_word' id='word_1_177' title='bbox 1377 1460 1452 1516; x_wconf 70' lang='grc' dir='ltr'><strong>τὴν</strong></span> <span class='ocrx_word' id='word_1_178' title='bbox 1481 1462 1691 1518; x_wconf 84' lang='grc' dir='ltr'><strong><em>ω’φέλειαν</em></strong></span> <span class='ocrx_word' id='word_1_179' title='bbox 1722 1464 1765 1514; x_wconf 80' lang='grc' dir='ltr'><strong>ἐξ</strong></span> 
     </span>
     <span class='ocr_line' id='line_1_21' title="bbox 306 1519 1797 1583; baseline 0.005 -19"><span class='ocrx_word' id='word_1_180' title='bbox 306 1525 483 1579; x_wconf 84' lang='grc' dir='ltr'><strong><em>α’μφοΐν,</em></strong></span> <span class='ocrx_word' id='word_1_181' title='bbox 508 1523 556 1567; x_wconf 78' lang='grc' dir='ltr'><strong><em>τὰ</em></strong></span> <span class='ocrx_word' id='word_1_182' title='bbox 587 1528 665 1579; x_wconf 82' lang='grc' dir='ltr'><strong>μὲν</strong></span> <span class='ocrx_word' id='word_1_183' title='bbox 694 1525 837 1580; x_wconf 81' lang='grc' dir='ltr'><strong><em>α’γαθοὶ</em></strong></span> <span class='ocrx_word' id='word_1_184' title='bbox 858 1519 1134 1580; x_wconf 82' lang='grc' dir='ltr'><strong><em>μιμουμένοις</em></strong></span> <span class='ocrx_word' id='word_1_185' title='bbox 1153 1525 1224 1568; x_wconf 76' lang='grc' dir='ltr'><strong><em>διὰ</em></strong></span> <span class='ocrx_word' id='word_1_186' title='bbox 1246 1528 1319 1569; x_wconf 86' lang='grc' dir='ltr'><strong>τὸν</strong></span> <span class='ocrx_word' id='word_1_187' title='bbox 1343 1523 1477 1569; x_wconf 82' lang='grc' dir='ltr'><strong><em>πόθον</em></strong></span> <span class='ocrx_word' id='word_1_188' title='bbox 1504 1530 1588 1570; x_wconf 74' lang='grc' dir='ltr'><strong>τῶν</strong></span> <span class='ocrx_word' id='word_1_189' title='bbox 1605 1523 1797 1583; x_wconf 46' lang='lat' dir='ltr'><strong>&amp;peremta</strong></span> 
     </span>
     <span class='ocr_line' id='line_1_22' title="bbox 305 1589 1762 1650; baseline 0.004 -19"><span class='ocrx_word' id='word_1_190' title='bbox 305 1589 357 1632; x_wconf 85' lang='grc' dir='ltr'><strong><em>τοὶ</em></strong></span> <span class='ocrx_word' id='word_1_191' title='bbox 391 1592 583 1647; x_wconf 55' lang='grc' dir='ltr'><strong><em>δὲ’χείρω</em></strong></span> <span class='ocrx_word' id='word_1_192' title='bbox 601 1595 929 1648; x_wconf 86' lang='grc' dir='ltr'><strong><em>φυλαττομένοις</em></strong></span> <span class='ocrx_word' id='word_1_193' title='bbox 957 1592 1026 1635; x_wconf 71' lang='grc' dir='ltr'><strong><em>διὰ</em></strong></span> <span class='ocrx_word' id='word_1_194' title='bbox 1055 1593 1130 1648; x_wconf 71' lang='grc' dir='ltr'><strong>τήν</strong></span> <span class='ocrx_word' id='word_1_195' title='bbox 1157 1592 1260 1650; x_wconf 81' lang='grc' dir='ltr'><strong><em>πρὸς</em></strong></span> <span class='ocrx_word' id='word_1_196' title='bbox 1288 1592 1365 1644; x_wconf 77' lang='grc' dir='ltr'><strong>τὰς</strong></span> <span class='ocrx_word' id='word_1_197' title='bbox 1385 1595 1598 1650; x_wconf 84' lang='grc' dir='ltr'><strong><em>λοιδορίας</em></strong></span> <span class='ocrx_word' id='word_1_198' title='bbox 1630 1596 1762 1650; x_wconf 68' lang='lat' dir='ltr'><strong>dne-‘x-</strong></span> 
     </span>
     <span class='ocr_line' id='line_1_23' title="bbox 306 1658 443 1699; baseline 0.015 -2"><span class='ocrx_word' id='word_1_199' title='bbox 306 1658 443 1699; x_wconf 76' lang='grc' dir='ltr'><strong><em>θειαν.</em></strong></span> 
     </span>
    </p>

    <p class='ocr_par' dir='ltr' id='par_1_5' title="bbox 217 1722 1762 1784">
     <span class='ocr_line' id='line_1_24' title="bbox 217 1722 1762 1784; baseline 0.005 -20"><span class='ocrx_word' id='word_1_200' title='bbox 217 1738 290 1773; x_wconf 68' lang='lat'><strong>52</strong></span> <span class='ocrx_word' id='word_1_201' title='bbox 437 1722 561 1767; x_wconf 73' lang='grc' dir='ltr'><strong>Ἀλλά</strong></span> <span class='ocrx_word' id='word_1_202' title='bbox 606 1727 797 1778; x_wconf 86' lang='grc' dir='ltr'><strong><em>μετιτέον</em></strong></span> <span class='ocrx_word' id='word_1_203' title='bbox 825 1724 925 1780; x_wconf 81' lang='grc' dir='ltr'><strong><em>ἡμῖν</em></strong></span> <span class='ocrx_word' id='word_1_204' title='bbox 965 1725 1059 1769; x_wconf 75' lang='grc' dir='ltr'><strong><em>ἐστι’</em></strong></span> <span class='ocrx_word' id='word_1_205' title='bbox 1088 1725 1238 1770; x_wconf 79' lang='grc' dir='ltr'><strong><em>λοιπόν</em></strong></span> <span class='ocrx_word' id='word_1_206' title='bbox 1279 1728 1322 1778; x_wconf 76' lang='grc' dir='ltr'><strong>ἐς</strong></span> <span class='ocrx_word' id='word_1_207' title='bbox 1350 1726 1552 1784; x_wconf 83' lang='grc' dir='ltr'><strong><em>Ὑρκανὸν</em></strong></span> <span class='ocrx_word' id='word_1_208' title='bbox 1579 1726 1654 1772; x_wconf 81' lang='grc' dir='ltr'><strong>τὸν</strong></span> <span class='ocrx_word' id='word_1_209' title='bbox 1682 1729 1762 1771; x_wconf 75' lang='grc' dir='ltr'><strong>τῶν</strong></span> 
     </span>
    </p>
   </div>
   <div class='ocr_carea' id='block_1_3' title="bbox 308 1912 1765 2194">
    <p class='ocr_par' dir='ltr' id='par_1_6' title="bbox 308 1912 1765 2194">
     <span class='ocr_line' id='line_1_25' title="bbox 309 1912 1764 1962; baseline 0.003 -16"><span class='ocrx_word' id='word_1_210' title='bbox 309 1913 448 1946; x_wconf 84' lang='lat' dir='ltr'><strong>animus</strong></span> <span class='ocrx_word' id='word_1_211' title='bbox 479 1912 649 1947; x_wconf 88' lang='lat' dir='ltr'><strong>humanus</strong></span> <span class='ocrx_word' id='word_1_212' title='bbox 677 1914 854 1958; x_wconf 86' lang='lat' dir='ltr'><strong>ingenitas</strong></span> <span class='ocrx_word' id='word_1_213' title='bbox 881 1915 1045 1959; x_wconf 88' lang='lat' dir='ltr'><strong>quasdam</strong></span> <span class='ocrx_word' id='word_1_214' title='bbox 1071 1920 1177 1960; x_wconf 86' lang='lat' dir='ltr'><strong>atque</strong></span> <span class='ocrx_word' id='word_1_215' title='bbox 1205 1915 1329 1950; x_wconf 83' lang='lat' dir='ltr'><strong>insitas</strong></span> <span class='ocrx_word' id='word_1_216' title='bbox 1357 1914 1485 1950; x_wconf 83' lang='lat' dir='ltr'><strong>habeat</strong></span> <span class='ocrx_word' id='word_1_217' title='bbox 1510 1921 1644 1960; x_wconf 81' lang='lat' dir='ltr'><strong>pestes,</strong></span> <span class='ocrx_word' id='word_1_218' title='bbox 1673 1927 1764 1962; x_wconf 81' lang='lat' dir='ltr'><strong>quae</strong></span> 
     </span>
     <span class='ocr_line' id='line_1_26' title="bbox 308 1960 1765 2008; baseline 0.002 -16"><span class='ocrx_word' id='word_1_219' title='bbox 308 1961 345 1993; x_wconf 93' lang='lat' dir='ltr'><strong>in</strong></span> <span class='ocrx_word' id='word_1_220' title='bbox 372 1960 623 1994; x_wconf 88' lang='lat' dir='ltr'><strong>coniunctione</strong></span> <span class='ocrx_word' id='word_1_221' title='bbox 651 1961 727 1995; x_wconf 88' lang='lat' dir='ltr'><strong>eius</strong></span> <span class='ocrx_word' id='word_1_222' title='bbox 757 1972 834 1994; x_wconf 91' lang='lat' dir='ltr'><strong>cum</strong></span> <span class='ocrx_word' id='word_1_223' title='bbox 860 1972 965 1995; x_wconf 86' lang='lat' dir='ltr'><strong>carne</strong></span> <span class='ocrx_word' id='word_1_224' title='bbox 990 1963 1089 2006; x_wconf 84' lang='lat' dir='ltr'><strong>quasi</strong></span> <span class='ocrx_word' id='word_1_225' title='bbox 1114 1963 1300 1996; x_wconf 88' lang='lat' dir='ltr'><strong>dormiunt.</strong></span> <span class='ocrx_word' id='word_1_226' title='bbox 1351 1972 1460 2006; x_wconf 82' lang='lat' dir='ltr'><strong>quare</strong></span> <span class='ocrx_word' id='word_1_227' title='bbox 1486 1963 1653 2008; x_wconf 85' lang='lat' dir='ltr'><strong>egotales</strong></span> <span class='ocrx_word' id='word_1_228' title='bbox 1677 1974 1765 1998; x_wconf 85' lang='lat' dir='ltr'><strong>uar-</strong></span> 
     </span>
     <span class='ocr_line' id='line_1_27' title="bbox 313 2007 1765 2055; baseline 0.002 -16"><span class='ocrx_word' id='word_1_229' title='bbox 313 2007 485 2048; x_wconf 83' lang='lat' dir='ltr'><strong>rationes,</strong></span> <span class='ocrx_word' id='word_1_230' title='bbox 512 2018 718 2052; x_wconf 88' lang='lat' dir='ltr'><strong>quamquam</strong></span> <span class='ocrx_word' id='word_1_231' title='bbox 747 2009 918 2042; x_wconf 90' lang='lat' dir='ltr'><strong>eiusmodi</strong></span> <span class='ocrx_word' id='word_1_232' title='bbox 945 2009 1137 2052; x_wconf 87' lang='lat' dir='ltr'><strong>permultas</strong></span> <span class='ocrx_word' id='word_1_233' title='bbox 1162 2009 1299 2042; x_wconf 86' lang='lat' dir='ltr'><strong>referre</strong></span> <span class='ocrx_word' id='word_1_234' title='bbox 1316 2019 1471 2053; x_wconf 84' lang='lat' dir='ltr'><strong>possum,</strong></span> <span class='ocrx_word' id='word_1_235' title='bbox 1488 2009 1632 2043; x_wconf 83' lang='lat' dir='ltr'><strong>silentio</strong></span> <span class='ocrx_word' id='word_1_236' title='bbox 1657 2021 1765 2055; x_wconf 85' lang='lat' dir='ltr'><strong>prae-</strong></span> 
     </span>
     <span class='ocr_line' id='line_1_28' title="bbox 308 2054 1765 2103; baseline 0.003 -17"><span class='ocrx_word' id='word_1_237' title='bbox 308 2054 402 2086; x_wconf 86' lang='lat' dir='ltr'><strong>terii.</strong></span> <span class='ocrx_word' id='word_1_238' title='bbox 455 2055 603 2098; x_wconf 82' lang='lat' dir='ltr'>agedum</span> <span class='ocrx_word' id='word_1_239' title='bbox 644 2056 686 2088; x_wconf 92' lang='lat' dir='ltr'><strong>ad</strong></span> <span class='ocrx_word' id='word_1_240' title='bbox 721 2055 881 2098; x_wconf 87' lang='lat' dir='ltr'><strong>publicas</strong></span> <span class='ocrx_word' id='word_1_241' title='bbox 919 2067 976 2090; x_wconf 87' lang='lat' dir='ltr'><strong>res</strong></span> <span class='ocrx_word' id='word_1_242' title='bbox 1012 2066 1205 2098; x_wconf 88' lang='lat' dir='ltr'><strong>reversus,</strong></span> <span class='ocrx_word' id='word_1_243' title='bbox 1240 2055 1300 2088; x_wconf 88' lang='lat' dir='ltr'><strong>ubi</strong></span> <span class='ocrx_word' id='word_1_244' title='bbox 1340 2057 1534 2099; x_wconf 86' lang='lat' dir='ltr'><strong>superioris</strong></span> <span class='ocrx_word' id='word_1_245' title='bbox 1574 2058 1765 2103; x_wconf 81' lang='lat' dir='ltr'><strong>vestigium</strong></span> 
     </span>
     <span class='ocr_line' id='line_1_29' title="bbox 309 2101 1762 2145; baseline 0.002 -12"><span class='ocrx_word' id='word_1_246' title='bbox 309 2101 523 2134; x_wconf 80' lang='lat' dir='ltr'><strong>narrationis</strong></span> <span class='ocrx_word' id='word_1_247' title='bbox 555 2101 747 2145; x_wconf 85' lang='lat' dir='ltr'><strong>reliquisti,</strong></span> <span class='ocrx_word' id='word_1_248' title='bbox 774 2103 855 2135; x_wconf 88' lang='lat' dir='ltr'><strong>inde</strong></span> <span class='ocrx_word' id='word_1_249' title='bbox 882 2104 1106 2136; x_wconf 83' lang='lat' dir='ltr'><strong>continenter</strong></span> <span class='ocrx_word' id='word_1_250' title='bbox 1130 2103 1262 2137; x_wconf 82' lang='lat' dir='ltr'><strong>ordinis</strong></span> <span class='ocrx_word' id='word_1_251' title='bbox 1289 2112 1421 2136; x_wconf 86' lang='lat' dir='ltr'><strong>memor</strong></span> <span class='ocrx_word' id='word_1_252' title='bbox 1451 2103 1556 2138; x_wconf 84' lang='lat' dir='ltr'><strong>nobis</strong></span> <span class='ocrx_word' id='word_1_253' title='bbox 1592 2115 1651 2139; x_wconf 83' lang='lat' dir='ltr'><strong>res</strong></span> <span class='ocrx_word' id='word_1_254' title='bbox 1689 2115 1762 2138; x_wconf 88' lang='lat' dir='ltr'><strong>ex-</strong></span> 
     </span>
     <span class='ocr_line' id='line_1_30' title="bbox 308 2147 1328 2194; baseline 0.003 -14"><span class='ocrx_word' id='word_1_255' title='bbox 308 2156 419 2192; x_wconf 84' lang='lat' dir='ltr'><strong>ponas</strong></span> <span class='ocrx_word' id='word_1_256' title='bbox 445 2147 690 2182; x_wconf 89' lang='lat' dir='ltr'><strong>lubentissime</strong></span> <span class='ocrx_word' id='word_1_257' title='bbox 716 2149 780 2183; x_wconf 86' lang='lat' dir='ltr'><strong>tibi</strong></span> <span class='ocrx_word' id='word_1_258' title='bbox 805 2150 1017 2183; x_wconf 86' lang='lat' dir='ltr'><strong>audientiam</strong></span> <span class='ocrx_word' id='word_1_259' title='bbox 1041 2149 1328 2194; x_wconf 82' lang='lat' dir='ltr'><strong>praebentibus.“</strong></span> 
     </span>
    </p>
   </div>
   <div class='ocr_carea' id='block_1_4' title="bbox 307 2211 1802 2726">
    <p class='ocr_par' dir='ltr' id='par_1_7' title="bbox 307 2211 1802 2726">
     <span class='ocr_line' id='line_1_31' title="bbox 442 2211 1802 2261; baseline 0.004 -17"><span class='ocrx_word' id='word_1_260' title='bbox 442 2211 562 2254; x_wconf 83' lang='lat' dir='ltr'><strong>„Bene</strong></span> <span class='ocrx_word' id='word_1_261' title='bbox 591 2212 722 2255; x_wconf 85' lang='lat' dir='ltr'><strong>dixisti,</strong></span> <span class='ocrx_word' id='word_1_262' title='bbox 753 2214 970 2247; x_wconf 88' lang='lat' dir='ltr'><strong>carissimum</strong></span> <span class='ocrx_word' id='word_1_263' title='bbox 994 2214 1080 2247; x_wconf 91' lang='lat' dir='ltr'><strong>mihi</strong></span> <span class='ocrx_word' id='word_1_264' title='bbox 1107 2219 1223 2258; x_wconf 88' lang='lat' dir='ltr'><strong>caput,</strong></span> <span class='ocrx_word' id='word_1_265' title='bbox 1249 2214 1388 2247; x_wconf 87' lang='lat' dir='ltr'><strong>veniam</strong></span> <span class='ocrx_word' id='word_1_266' title='bbox 1412 2213 1498 2247; x_wconf 85' lang='lat' dir='ltr'><strong>mihi</strong></span> <span class='ocrx_word' id='word_1_267' title='bbox 1524 2215 1607 2249; x_wconf 84' lang='lat' dir='ltr'><strong>dare</strong></span> <span class='ocrx_word' id='word_1_268' title='bbox 1645 2225 1763 2261; x_wconf 84' lang='lat' dir='ltr'><strong>neque</strong></span> <span class='ocrx_word' id='word_1_269' title='bbox 1800 2230 1802 2232; x_wconf 97' lang='lat'>·</span> 
     </span>
     <span class='ocr_line' id='line_1_32' title="bbox 307 2258 1763 2307; baseline 0.003 -18"><span class='ocrx_word' id='word_1_270' title='bbox 307 2267 363 2290; x_wconf 86' lang='lat' dir='ltr'><strong>me</strong></span> <span class='ocrx_word' id='word_1_271' title='bbox 390 2258 594 2301; x_wconf 85' lang='lat' dir='ltr'><strong>vituperare</strong></span> <span class='ocrx_word' id='word_1_272' title='bbox 619 2260 747 2301; x_wconf 82' lang='lat' dir='ltr'><strong>debes3</strong></span> <span class='ocrx_word' id='word_1_273' title='bbox 773 2270 851 2293; x_wconf 87' lang='lat' dir='ltr'><strong>nam</strong></span> <span class='ocrx_word' id='word_1_274' title='bbox 878 2271 950 2294; x_wconf 89' lang='lat' dir='ltr'><strong>non</strong></span> <span class='ocrx_word' id='word_1_275' title='bbox 974 2266 1012 2294; x_wconf 87' lang='lat' dir='ltr'><strong>ut</strong></span> <span class='ocrx_word' id='word_1_276' title='bbox 1041 2260 1287 2303; x_wconf 82' lang='lat' dir='ltr'><strong>calumniarer,</strong></span> <span class='ocrx_word' id='word_1_277' title='bbox 1313 2261 1376 2295; x_wconf 88' lang='lat' dir='ltr'><strong>sed</strong></span> <span class='ocrx_word' id='word_1_278' title='bbox 1404 2260 1493 2294; x_wconf 93' lang='lat' dir='ltr'><strong>illud</strong></span> <span class='ocrx_word' id='word_1_279' title='bbox 1511 2271 1653 2307; x_wconf 86' lang='lat' dir='ltr'><strong>quoque</strong></span> <span class='ocrx_word' id='word_1_280' title='bbox 1678 2262 1763 2306; x_wconf 88' lang='lat' dir='ltr'><strong>pul-</strong></span> 
     </span>
     <span class='ocr_line' id='line_1_33' title="bbox 313 2303 1764 2350; baseline 0.005 -14"><span class='ocrx_word' id='word_1_281' title='bbox 313 2303 527 2338; x_wconf 90' lang='lat' dir='ltr'><strong>cherrimum</strong></span> <span class='ocrx_word' id='word_1_282' title='bbox 554 2305 725 2340; x_wconf 87' lang='lat' dir='ltr'><strong>historiae</strong></span> <span class='ocrx_word' id='word_1_283' title='bbox 750 2308 987 2341; x_wconf 87' lang='lat' dir='ltr'><strong>adiumentum</strong></span> <span class='ocrx_word' id='word_1_284' title='bbox 1014 2319 1092 2342; x_wconf 88' lang='lat' dir='ltr'><strong>esse</strong></span> <span class='ocrx_word' id='word_1_285' title='bbox 1116 2307 1318 2350; x_wconf 79' lang='lat' dir='ltr'><strong>arbitratus,</strong></span> <span class='ocrx_word' id='word_1_286' title='bbox 1344 2308 1432 2341; x_wconf 87' lang='lat' dir='ltr'><strong>haec</strong></span> <span class='ocrx_word' id='word_1_287' title='bbox 1468 2308 1533 2342; x_wconf 88' lang='lat' dir='ltr'><strong>tibi</strong></span> <span class='ocrx_word' id='word_1_288' title='bbox 1560 2309 1764 2343; x_wconf 77' lang='lat' dir='ltr'><strong>enai-rabam</strong></span> 
     </span>
     <span class='ocr_line' id='line_1_34' title="bbox 309 2352 1762 2399; baseline 0.005 -16"><span class='ocrx_word' id='word_1_289' title='bbox 309 2352 525 2394; x_wconf 85' lang='lat' dir='ltr'><strong>recentiora,</strong></span> <span class='ocrx_word' id='word_1_290' title='bbox 557 2363 647 2397; x_wconf 86' lang='lat' dir='ltr'><strong>quae</strong></span> <span class='ocrx_word' id='word_1_291' title='bbox 672 2358 709 2386; x_wconf 93' lang='lat' dir='ltr'><strong>tu</strong></span> <span class='ocrx_word' id='word_1_292' title='bbox 734 2353 835 2387; x_wconf 91' lang='lat' dir='ltr'><strong>nullo</strong></span> <span class='ocrx_word' id='word_1_293' title='bbox 863 2360 966 2398; x_wconf 82' lang='lat' dir='ltr'><strong>pacto</strong></span> <span class='ocrx_word' id='word_1_294' title='bbox 992 2354 1134 2389; x_wconf 83' lang='lat' dir='ltr'><strong>aliunde</strong></span> <span class='ocrx_word' id='word_1_295' title='bbox 1160 2355 1281 2388; x_wconf 84' lang='lat' dir='ltr'><strong>audire</strong></span> <span class='ocrx_word' id='word_1_296' title='bbox 1307 2356 1476 2399; x_wconf 84' lang='lat' dir='ltr'><strong>potueris.</strong></span> <span class='ocrx_word' id='word_1_297' title='bbox 1526 2356 1669 2389; x_wconf 85' lang='lat' dir='ltr'><strong>memini</strong></span> <span class='ocrx_word' id='word_1_298' title='bbox 1694 2367 1762 2390; x_wconf 86' lang='lat' dir='ltr'><strong>au-</strong></span> 
     </span>
     <span class='ocr_line' id='line_1_35' title="bbox 308 2400 1762 2447; baseline 0.005 -17"><span class='ocrx_word' id='word_1_299' title='bbox 308 2403 377 2431; x_wconf 82' lang='lat' dir='ltr'><strong>tem</strong></span> <span class='ocrx_word' id='word_1_300' title='bbox 407 2403 442 2431; x_wconf 91' lang='lat' dir='ltr'><strong>te</strong></span> <span class='ocrx_word' id='word_1_301' title='bbox 467 2409 575 2442; x_wconf 87' lang='lat' dir='ltr'><strong>saepe</strong></span> <span class='ocrx_word' id='word_1_302' title='bbox 600 2400 731 2442; x_wconf 86' lang='lat' dir='ltr'><strong>dicere,</strong></span> <span class='ocrx_word' id='word_1_303' title='bbox 758 2407 796 2434; x_wconf 87' lang='lat' dir='ltr'><strong>ut</strong></span> <span class='ocrx_word' id='word_1_304' title='bbox 820 2402 857 2434; x_wconf 91' lang='lat' dir='ltr'><strong>in</strong></span> <span class='ocrx_word' id='word_1_305' title='bbox 883 2402 1064 2435; x_wconf 85' lang='lat' dir='ltr'><strong>harmonia</strong></span> <span class='ocrx_word' id='word_1_306' title='bbox 1089 2403 1262 2436; x_wconf 87' lang='lat' dir='ltr'><strong>variarum</strong></span> <span class='ocrx_word' id='word_1_307' title='bbox 1282 2412 1399 2436; x_wconf 88' lang='lat' dir='ltr'><strong>rerum</strong></span> <span class='ocrx_word' id='word_1_308' title='bbox 1424 2402 1628 2436; x_wconf 87' lang='lat' dir='ltr'><strong>coniunctio</strong></span> <span class='ocrx_word' id='word_1_309' title='bbox 1656 2409 1762 2447; x_wconf 85' lang='lat' dir='ltr'><strong>atque</strong></span> 
     </span>
     <span class='ocr_line' id='line_1_36' title="bbox 308 2445 1762 2483; baseline 0.002 -6"><span class='ocrx_word' id='word_1_310' title='bbox 308 2445 401 2478; x_wconf 86' lang='lat' dir='ltr'><strong>inter</strong></span> <span class='ocrx_word' id='word_1_311' title='bbox 430 2456 469 2479; x_wconf 87' lang='lat' dir='ltr'><strong>se</strong></span> <span class='ocrx_word' id='word_1_312' title='bbox 505 2447 778 2480; x_wconf 85' lang='lat' dir='ltr'><strong>discordantium</strong></span> <span class='ocrx_word' id='word_1_313' title='bbox 809 2449 998 2482; x_wconf 86' lang='lat' dir='ltr'><strong>concordia</strong></span> <span class='ocrx_word' id='word_1_314' title='bbox 1026 2455 1120 2483; x_wconf 88' lang='lat' dir='ltr'><strong>esset</strong></span> <span class='ocrx_word' id='word_1_315' title='bbox 1148 2454 1183 2482; x_wconf 84' lang='lat' dir='ltr'><strong>ct</strong></span> <span class='ocrx_word' id='word_1_316' title='bbox 1209 2453 1248 2481; x_wconf 85' lang='lat' dir='ltr'><strong>ut</strong></span> <span class='ocrx_word' id='word_1_317' title='bbox 1273 2449 1381 2482; x_wconf 85' lang='lat' dir='ltr'><strong>simili</strong></span> <span class='ocrx_word' id='word_1_318' title='bbox 1415 2449 1553 2483; x_wconf 78' lang='lat' dir='ltr'><strong>ratione</strong></span> <span class='ocrx_word' id='word_1_319' title='bbox 1586 2450 1623 2482; x_wconf 91' lang='lat' dir='ltr'><strong>in</strong></span> <span class='ocrx_word' id='word_1_320' title='bbox 1660 2450 1762 2483; x_wconf 81' lang='lat' dir='ltr'><strong>aedi..</strong></span> 
     </span>
     <span class='ocr_line' id='line_1_37' title="bbox 308 2492 1764 2539; baseline 0.003 -14"><span class='ocrx_word' id='word_1_321' title='bbox 308 2492 399 2526; x_wconf 87' lang='lat' dir='ltr'><strong>ficiis</strong></span> <span class='ocrx_word' id='word_1_322' title='bbox 425 2492 594 2536; x_wconf 87' lang='lat' dir='ltr'><strong>lapidum,</strong></span> <span class='ocrx_word' id='word_1_323' title='bbox 619 2494 809 2539; x_wconf 87' lang='lat' dir='ltr'><strong>lignorum,</strong></span> <span class='ocrx_word' id='word_1_324' title='bbox 839 2495 917 2537; x_wconf 86' lang='lat' dir='ltr'><strong>luti,</strong></span> <span class='ocrx_word' id='word_1_325' title='bbox 945 2495 1065 2538; x_wconf 86' lang='lat' dir='ltr'><strong>calcis,</strong></span> <span class='ocrx_word' id='word_1_326' title='bbox 1091 2496 1237 2529; x_wconf 86' lang='lat' dir='ltr'><strong>aliarum</strong></span> <span class='ocrx_word' id='word_1_327' title='bbox 1263 2496 1562 2530; x_wconf 88' lang='lat' dir='ltr'><strong>eiusmodirerum</strong></span> <span class='ocrx_word' id='word_1_328' title='bbox 1581 2495 1764 2530; x_wconf 79' lang='lat' dir='ltr'><strong>multifor-</strong></span> 
     </span>
     <span class='ocr_line' id='line_1_38' title="bbox 308 2539 1762 2586; baseline 0.005 -16"><span class='ocrx_word' id='word_1_329' title='bbox 308 2539 373 2571; x_wconf 85' lang='lat' dir='ltr'><strong>mis</strong></span> <span class='ocrx_word' id='word_1_330' title='bbox 401 2540 658 2584; x_wconf 86' lang='lat' dir='ltr'><strong>conglutinatio</strong></span> <span class='ocrx_word' id='word_1_331' title='bbox 693 2542 736 2575; x_wconf 92' lang='lat' dir='ltr'><strong>ad</strong></span> <span class='ocrx_word' id='word_1_332' title='bbox 760 2552 847 2585; x_wconf 87' lang='lat' dir='ltr'><strong>opus</strong></span> <span class='ocrx_word' id='word_1_333' title='bbox 875 2544 1074 2584; x_wconf 80' lang='lat' dir='ltr'><strong>afferretur,</strong></span> <span class='ocrx_word' id='word_1_334' title='bbox 1111 2543 1162 2577; x_wconf 84' lang='lat' dir='ltr'><strong>sic</strong></span> <span class='ocrx_word' id='word_1_335' title='bbox 1190 2543 1292 2576; x_wconf 84' lang='lat' dir='ltr'><strong>etiam</strong></span> <span class='ocrx_word' id='word_1_336' title='bbox 1322 2543 1492 2576; x_wconf 83' lang='lat' dir='ltr'><strong>historiae</strong></span> <span class='ocrx_word' id='word_1_337' title='bbox 1516 2542 1645 2576; x_wconf 83' lang='lat' dir='ltr'><strong>talibus</strong></span> <span class='ocrx_word' id='word_1_338' title='bbox 1674 2547 1762 2586; x_wconf 81' lang='lat' dir='ltr'><strong>opus</strong></span> 
     </span>
     <span class='ocr_line' id='line_1_39' title="bbox 312 2588 1762 2633; baseline 0.001 -15"><span class='ocrx_word' id='word_1_339' title='bbox 312 2595 403 2619; x_wconf 82' lang='lat' dir='ltr'><strong>esse.</strong></span> <span class='ocrx_word' id='word_1_340' title='bbox 453 2597 557 2619; x_wconf 89' lang='lat' dir='ltr'><strong>unam</strong></span> <span class='ocrx_word' id='word_1_341' title='bbox 585 2588 677 2621; x_wconf 87' lang='lat' dir='ltr'><strong>enim</strong></span> <span class='ocrx_word' id='word_1_342' title='bbox 704 2590 873 2633; x_wconf 88' lang='lat' dir='ltr'><strong>quandam</strong></span> <span class='ocrx_word' id='word_1_343' title='bbox 901 2589 1088 2623; x_wconf 87' lang='lat' dir='ltr'><strong>utilitatem</strong></span> <span class='ocrx_word' id='word_1_344' title='bbox 1113 2590 1155 2623; x_wconf 89' lang='lat' dir='ltr'><strong>ad</strong></span> <span class='ocrx_word' id='word_1_345' title='bbox 1181 2588 1347 2633; x_wconf 86' lang='lat' dir='ltr'><strong>legentes</strong></span> <span class='ocrx_word' id='word_1_346' title='bbox 1365 2600 1410 2623; x_wconf 87' lang='lat' dir='ltr'><strong>ex</strong></span> <span class='ocrx_word' id='word_1_347' title='bbox 1435 2589 1603 2624; x_wconf 86' lang='lat' dir='ltr'><strong>ambobus</strong></span> <span class='ocrx_word' id='word_1_348' title='bbox 1628 2590 1762 2624; x_wconf 83' lang='lat' dir='ltr'><strong>redun-</strong></span> 
     </span>
     <span class='ocr_line' id='line_1_40' title="bbox 308 2632 1763 2680; baseline 0.004 -16"><span class='ocrx_word' id='word_1_349' title='bbox 308 2632 404 2674; x_wconf 85' lang='lat' dir='ltr'><strong>dare,</strong></span> <span class='ocrx_word' id='word_1_350' title='bbox 432 2639 470 2666; x_wconf 95' lang='lat' dir='ltr'><strong>ut</strong></span> <span class='ocrx_word' id='word_1_351' title='bbox 497 2634 589 2667; x_wconf 87' lang='lat' dir='ltr'><strong>bona</strong></span> <span class='ocrx_word' id='word_1_352' title='bbox 614 2635 836 2669; x_wconf 85' lang='lat' dir='ltr'><strong>imitarentur</strong></span> <span class='ocrx_word' id='word_1_353' title='bbox 859 2636 903 2670; x_wconf 95' lang='lat' dir='ltr'><strong>ob</strong></span> <span class='ocrx_word' id='word_1_354' title='bbox 933 2637 1159 2680; x_wconf 90' lang='lat' dir='ltr'><strong>cupiditatem</strong></span> <span class='ocrx_word' id='word_1_355' title='bbox 1194 2636 1447 2679; x_wconf 84' lang='lat' dir='ltr'><strong>laudationum,</strong></span> <span class='ocrx_word' id='word_1_356' title='bbox 1474 2636 1566 2670; x_wconf 85' lang='lat' dir='ltr'><strong>mala</strong></span> <span class='ocrx_word' id='word_1_357' title='bbox 1594 2641 1763 2671; x_wconf 81' lang='lat' dir='ltr'><strong>caverent</strong></span> 
     </span>
     <span class='ocr_line' id='line_1_41' title="bbox 309 2679 809 2726; baseline 0.01 -15"><span class='ocrx_word' id='word_1_358' title='bbox 309 2679 354 2712; x_wconf 88' lang='lat' dir='ltr'><strong>ob</strong></span> <span class='ocrx_word' id='word_1_359' title='bbox 380 2680 496 2713; x_wconf 82' lang='lat' dir='ltr'><strong>odium</strong></span> <span class='ocrx_word' id='word_1_360' title='bbox 524 2682 809 2726; x_wconf 86' lang='lat' dir='ltr'><strong>ignominiarum.</strong></span> 
     </span>
    </p>
   </div>
   <div class='ocr_carea' id='block_1_5' title="bbox 440 2739 1759 2788">
    <p class='ocr_par' dir='ltr' id='par_1_8' title="bbox 440 2739 1759 2788">
     <span class='ocr_line' id='line_1_42' title="bbox 440 2739 1759 2788; baseline 0.002 -15"><span class='ocrx_word' id='word_1_361' title='bbox 440 2739 509 2774; x_wconf 89' lang='lat' dir='ltr'><strong>Sed</strong></span> <span class='ocrx_word' id='word_1_362' title='bbox 535 2741 602 2774; x_wconf 85' lang='lat' dir='ltr'><strong>iam</strong></span> <span class='ocrx_word' id='word_1_363' title='bbox 628 2741 730 2776; x_wconf 85' lang='lat' dir='ltr'><strong>nobis</strong></span> <span class='ocrx_word' id='word_1_364' title='bbox 759 2747 812 2777; x_wconf 83' lang='lat' dir='ltr'><strong>est</strong></span> <span class='ocrx_word' id='word_1_365' title='bbox 836 2742 1051 2777; x_wconf 86' lang='lat' dir='ltr'><strong>redeundum</strong></span> <span class='ocrx_word' id='word_1_366' title='bbox 1080 2743 1122 2778; x_wconf 85' lang='lat' dir='ltr'><strong>ad</strong></span> <span class='ocrx_word' id='word_1_367' title='bbox 1143 2742 1357 2788; x_wconf 74' lang='lat' dir='ltr'><strong>Hyrcanum,</strong></span> <span class='ocrx_word' id='word_1_368' title='bbox 1371 2742 1605 2787; x_wconf 76' lang='lat' dir='ltr'><strong>Bithynorum</strong></span> <span class='ocrx_word' id='word_1_369' title='bbox 1628 2741 1759 2777; x_wconf 82' lang='lat' dir='ltr'><strong>barba..</strong></span> 
     </span>
    </p>
   </div>
   <div class='ocr_carea' id='block_1_6' title="bbox 1812 0 1826 3120">
    <p class='ocr_par' dir='ltr' id='par_1_9' title="bbox 1812 0 1826 3120">
     <span class='ocr_line' id='line_1_43' title="bbox 1812 0 1826 3120; baseline 0 0"><span class='ocrx_word' id='word_1_370' title='bbox 1812 0 1826 3120; x_wconf 95' lang='lat' dir='ltr'><strong> </strong></span> 
     </span>
    </p>
   </div>
  </div>
 </body>
</html>
