1826 3120
256 187 321 236 88
660 187 955 234 NICEPHORI
996 184 1301 237 GREGQRAE

191 342 194 345 ,
255 295 463 352 ἑκατέρων
491 294 678 351 ἑκάτεροι
707 294 805 350 περὶ
840 295 1038 347 δευτέραν
1068 286 1189 346 μόγιξ
1214 305 1295 332 που
1335 291 1408 334 καί
1433 291 1571 348 τρίτην
1597 284 1713 346 ὥραν
1767 296 1778 303 ⁴

85 366 113 404 f.
128 367 195 404 116
211 378 243 404 a.
256 365 327 421 τῆς
351 366 383 390 ¹‘
413 361 571 411 νυκτός.

395 432 481 485 Τῆς
510 430 547 470 δ’
577 429 805 482 ύστεραιάς
833 425 1028 480 ἐπιούσης
1068 426 1141 467 καί
1167 423 1219 466 τὰ
1254 428 1325 479 τῆς
1353 422 1530 480 ἑσπέρας
1557 425 1715 479 ἐκείνης

256 493 629 549 ἅνακαλυπτούσης
648 494 762 548 ἔργα,
786 487 996 549 ὤφθησαν
1016 490 1060 534 αἱ
1080 494 1158 544 μὲν
1175 490 1399 534 Βενετικαὶ
1423 491 1611 546 τριήρεις
1629 485 1714 533 ἅνω

256 579 338 606 που
373 560 566 615 περίτὸν
593 563 818 615 Θεραπέαν
846 557 1066 612 λεγόμενον
1101 557 1265 601 animal
1289 575 1377 608 πως
1413 559 1576 611 λιμένα,
1606 560 1748 612 πλη-5

255 631 347 674 σιόν
375 631 452 672 τοῦ
478 628 594 682 ἱεροῦ
625 629 700 668 τοῦ
731 625 985 680 Σαράπιδος,
1025 625 1255 680 ὁρμοῦσαι,
1284 625 1328 667 αἱ
1364 627 1401 667 δ’
1427 620 1485 666 αὖ
1514 626 1717 667 Γεννουι-

258 695 373 739 τικαὶ
399 693 505 751 πρὸς
551 696 606 736 ἕω
636 691 752 748 παρά
801 690 878 741 τοὶς
911 687 1161 746 ὅχθαςπῆς
1192 693 1485 747 Χαλκηδονιάς
1511 691 1717 746 μετέωροι

170 774 244 817 22
258 761 534 816 σαλεύουσαι,
562 758 712 813 μικρὸν
745 759 949 811 ἐνδοτέρω
977 761 1049 812 τῆς
1077 757 1276 811 ψάμμου.
1334 757 1381 800 τό
1414 758 1494 813 γὰρ
1524 755 1718 810 ἑσπέριον
1777 798 1785 803 ,

258 828 522 884 πεφόβηνται
550 828 711 879 μᾶλλον
736 827 864 879 μέρος
894 821 921 879 ἢ
951 823 995 866 τὸ
1023 820 1135 878 πρὸς
1158 823 1214 866 ἕω
1248 822 1319 866 διά
1347 839 1391 878 γε
1419 822 1466 866 τὸ
1495 823 1719 877 Ῥωμαίοις

257 897 335 948 μὲν
366 891 553 935 ἐνταῦθα
589 894 813 944 πολεμίους
845 887 950 933 εἶναι
970 926 979 943 ,
1021 889 1253 945 βαρβάροις
1283 891 1322 932 δ’
1353 890 1607 940 ἐνσπόνδους
1634 893 1725 934 ἐκεῖ
1733 897 1775 933 10

259 958 332 1002 καί
363 947 643 1012 συμμάχους,
684 955 783 999 ὅσον
813 955 1001 1013 ἐφικτόν,
1045 954 1401 1011 ἐπιρρωννύουσιν
1441 953 1600 1007 ἔξωθεν
1649 958 1720 999 καί

260 1026 529 1080 ἐπικροτοῦσι
563 1029 724 1078 φωναῖς
763 1022 1036 1077 συχνοτέραις
1078 1020 1151 1064 καί
1177 1021 1358 1077 α’σὴμοις
1393 1016 1480 1064 οἷον
1503 1025 1714 1077 κλαγγαῖς,

259 1093 334 1134 καί
355 1090 533 1145 μάλισθ’
562 1087 628 1132 ὅτι
673 1090 744 1132 καί
780 1091 940 1143 πλῆθος
964 1089 1187 1142 Ῥωμαίων
1229 1087 1308 1143 πρὸ
1341 1091 1482 1144 δείλης
1520 1085 1628 1139 {abac
1649 1104 1719 1131 τε-

260 1160 439 1201 θέανται
479 1157 595 1209 μάλα
637 1155 773 1210 συχνοὶ
824 1156 925 1198 κατὰ
967 1154 1182 1209 ποταμούς
1222 1157 1417 1210 ἐπιρρέον
1455 1157 1500 1207 ἐξ
1543 1155 1718 1210 ἠπείρου

261 1221 364 1278 πρός
391 1223 612 1265 θάλασσαν
649 1225 847 1278 βοηθείας
878 1238 921 1264 τε
967 1223 1086 1263 ἕνεκα
1126 1222 1209 1263 τῶν
1250 1223 1496 1274 Rev-mucan»,
1528 1223 1604 1263 καί
1629 1219 1718 1274 ἅμα
1734 1227 1776 1262 15

261 1292 343 1332 τῶν
371 1290 416 1331 ἐκ
445 1291 648 1343 ναυαγίου
682 1287 900 1344 λαφύρων.
959 1282 1264 1329 συνεπεπτώκει
1293 1287 1413 1327 δ’νού
1439 1289 1600 1342 μικρῶς
1632 1293 1719 1337 τοῖς

262 1355 575 1410 στρατεύμασιν
623 1350 832 1408 ἑκατέροις
872 1356 1152 1409 ζημιωθῆναι.
1218 1354 1508 1395 Γεννουιτικαί
1532 1347 1612 1406 μὲν
1638 1351 1717 1408 γὰρ

263 1419 478 1463 α’ποόλοντο
517 1421 595 1462 δύο
635 1420 707 1461 καί
742 1419 875 1462 εἴκοσι
909 1422 1033 1474 νῆες,
1081 1422 1300 1462 Βενετικαί
1345 1420 1382 1460 δ’
1422 1420 1720 1473 ὀκτωκαίδεκα,

265 1482 323 1530 ὧν
351 1485 397 1529 αἱ
426 1490 595 1537 πλείους
627 1483 733 1542 ἦσαν
763 1487 845 1528 τῶν
884 1487 1141 1529 Κατελάνων
1175 1485 1475 1541 κραταιότερον
1507 1486 1720 1541 ἀγωνισα-

262 1556 398 1607 μένων
427 1548 454 1608 ἢ
483 1552 589 1595 κατὰ
625 1553 797 1603 πάντας.
871 1550 973 1595 κατά
1007 1551 1141 1605 στόμα
1168 1552 1248 1608 γὰρ
1279 1558 1366 1601 τοῖς
1395 1551 1633 1607 πολεμίοις,
1664 1551 1720 1604 ὥς
1733 1558 1779 1593 20

264 1620 439 1676 εἴρηται,
469 1622 828 1675 ἐπεισπίπτοντες,
867 1618 1069 1678 ναυάρχῳ
1099 1620 1312 1675 ναύαρχος
1355 1621 1429 1662 καί
1455 1619 1586 1678 ναύτῃ
1616 1618 1722 1678 νεκύ-ᾗ

263 1703 365 1742 της,
407 1689 479 1729 καί
520 1689 733 1741 συστάδην
767 1685 824 1737 ὥς
872 1685 942 1728 ἐπί
971 1689 1096 1742 ’ξηρᾶς
1120 1688 1382 1740 μαχόμενοι,
1415 1684 1550 1730 πολύν
1580 1687 1723 1741 εἰργά-

263 1768 389 1796 σαντο
419 1753 550 1810 φόνον
576 1755 658 1796 τῶν
686 1756 909 1807 πολεμίων,
934 1753 990 1802 ὥς
1021 1754 1251 1795 καταδῦναι
1274 1755 1352 1806 μὲν
1381 1753 1454 1796 καί
1480 1754 1584 1808 νῆας
1612 1752 1724 1803 ἐνιάς

257 1939 441 1984 proelium
466 1939 555 1974 illud
580 1939 709 1974 navale
735 1940 923 1973 diremtum
951 1944 1056 1984 esset,
1085 1948 1204 1973 omnes
1232 1938 1338 1972 facile
1363 1939 1518 1973 invicem
1545 1939 1663 1984 gladio
1689 1945 1724 1974 et

265 1988 352 2020 mari
395 1987 567 2031 absumpti
603 1987 820 2020 interissent.
893 1986 1145 2020 dirimebantur
1178 1991 1293 2019 autem
1331 1986 1423 2020 haud
1462 1996 1547 2020 sane
1589 1987 1723 2022 lubenti

267 2035 381 2067 animo
411 2034 564 2067 secunda
594 2034 669 2067 fere
697 2039 732 2067 et
758 2035 862 2066 tertia
891 2033 977 2067 hora
1000 2034 1127 2066 noctis.

399 2096 545 2131 Postero
583 2097 639 2130 die
673 2107 777 2141 quum
810 2107 868 2130 res
893 2096 955 2130 illa
987 2107 1137 2140 vespera
1173 2101 1296 2141 gestae
1329 2096 1589 2140 revelarentur,
1613 2107 1725 2133 naves

268 2144 426 2177 Venetae
452 2144 637 2187 superiore
663 2145 813 2188 regione
839 2144 932 2177 circa
958 2149 1094 2187 portum
1106 2143 1334 2187 Therapeam,
1362 2145 1421 2188 qui
1447 2144 1588 2187 dicitur,
1613 2155 1725 2190 prope

269 2192 386 2225 fanum
413 2191 590 2234 Sarapidis
617 2191 652 2224 in
677 2192 816 2225 ancoris
843 2191 1054 2224 constitutae
1073 2190 1395 2234 conspiciebantur,
1427 2191 1632 2226 Genuenses
1659 2203 1725 2226 au-

268 2244 337 2272 tem
365 2239 535 2271 orientem
563 2248 687 2271 versus
714 2238 755 2271 ad
783 2248 861 2271 oras
887 2237 1148 2273 chalcedoniae
1174 2238 1209 2270 in
1236 2237 1308 2271 alto
1335 2238 1421 2270 mari
1447 2238 1553 2281 paulo
1580 2240 1725 2283 propius

269 2296 288 2319 a
314 2285 436 2318 littore
462 2285 682 2318 fluctuant-es.
734 2290 870 2328 partem
897 2285 988 2318 enim
1017 2285 1059 2318 ad
1084 2295 1247 2318 occasum
1274 2290 1492 2328 spectantem
1510 2284 1622 2331 magis
1648 2297 1725 2320 me..

269 2332 415 2366 tuebant
442 2342 543 2376 quam
570 2332 778 2365 orientalem
805 2337 995 2375 propterea
1021 2333 1114 2376 quod
1152 2331 1228 2365 illic
1265 2331 1430 2365 Romanis
1465 2332 1586 2367 hostes
1615 2338 1726 2375 erant,

270 2380 330 2413 hic
355 2384 471 2412 autem
496 2379 653 2413 barbaris
680 2380 769 2412 socii
809 2384 844 2412 et
878 2379 1064 2420 foederati,
1098 2380 1178 2423 qui,
1214 2383 1379 2422 quantum
1404 2378 1481 2412 fieri
1507 2380 1634 2423 potuit,
1661 2390 1726 2413 ex..

270 2427 446 2460 trinsecus
473 2427 607 2460 animos
638 2427 681 2459 iis
715 2426 888 2460 addebant
914 2426 1119 2470 crebrisque
1145 2425 1292 2459 vocibus
1321 2431 1356 2458 et
1387 2425 1496 2460 fuscis
1522 2426 1727 2471 quibusdam

271 2474 532 2518 inconditisque
563 2473 790 2518 clangoribus
816 2473 1039 2517 strepebant,
1075 2483 1179 2518 quum
1204 2473 1411 2517 praesertim
1435 2473 1570 2507 turbam
1595 2474 1727 2508 Roma-

271 2531 394 2554 norum
420 2521 589 2555 matutino
618 2526 776 2564 tempore
803 2520 1001 2554 fluminibus
1029 2530 1073 2553 ex
1098 2521 1292 2553 continenti
1330 2524 1424 2553 terra
1453 2521 1494 2554 ad
1520 2531 1615 2554 mare
1639 2520 1727 2555 'sub-

270 2568 352 2601 inde
378 2568 506 2601 ‹levehi
533 2569 834 2612 conspicarentur,
861 2574 900 2601 ut
924 2567 1069 2601 Venetis
1104 2567 1236 2600 auxilio
1263 2571 1381 2600 essent
1413 2567 1589 2612 simulque
1612 2567 1728 2611 spolia

271 2626 315 2648 ex
339 2615 526 2659 naufragio
554 2615 779 2658 colligerent.
832 2615 922 2648 haud
955 2616 1084 2659 exiguo
1118 2619 1233 2647 autem
1259 2614 1382 2647 damno
1408 2619 1559 2659 uterque
1586 2615 1728 2648 exerci-

271 2667 326 2695 tus
356 2661 494 2705 proelio
521 2662 667 2695 affectus
708 2667 803 2703 crat3
831 2663 1067 2696 Genuensium
1103 2662 1194 2695 enim
1227 2661 1371 2694 navium
1409 2661 1498 2695 duae
1528 2667 1564 2695 et
1603 2661 1728 2705 viginti

272 2710 455 2750 interiere,
480 2709 692 2742 Venetarum
718 2709 986 2753 duodeviginti,
1021 2719 1165 2753 quarum
1188 2708 1300 2741 maior
1326 2717 1406 2751 pars
1433 2713 1508 2742 erat
1534 2707 1727 2744 Catelano-

270 2765 358 2799 rum,
387 2757 446 2800 qui
474 2756 597 2790 fortius
628 2761 663 2789 et
689 2756 868 2790 efficacius
910 2766 1009 2800 quam
1035 2765 1156 2791 omnes
1182 2760 1438 2800 pugnaverant.
1488 2755 1609 2792 hostes
1638 2756 1727 2789 enim
