1852 3138
288 150 386 228 406
688 183 985 229 mesenum
1028 181 1341 229 caecorum

296 294 426 335 δακτα
454 298 540 343 τοῖς
572 291 878 348 αἰσθητηρίοις.
910 290 958 332 οὗ
989 290 1070 347 γὰρ
1104 290 1398 346 διδασκόμεθα
1438 295 1540 349 παρ’
1580 291 1750 343 οὐδενὸς

290 358 461 413 βλέπειν
498 356 527 415 ἢ
565 359 743 410 ἀκούειν,
772 355 800 414 ἢ
839 356 905 401 ὅτι
942 358 1056 401 καίει
1094 356 1140 402 τὸ
1175 359 1261 415 πῦρ
1289 358 1363 401 καί
1395 357 1559 413 ψυκτόν
1587 357 1616 415 ἧ
1638 359 1749 412 χιών

292 427 365 469 καί
399 425 445 469 τὸ
473 428 572 482 μέλι
599 426 740 483 γλυκύ.
800 425 979 469 αὐτόθεν
1007 424 1089 482 γὰρ
1119 423 1147 481 ἤ
1176 424 1378 482 αἴσθησις
1402 424 1458 469 τὰ
1477 417 1556 480 μὲν
1573 425 1746 483 προσίε-

290 510 362 536 ται
378 493 431 536 τὰ
459 494 744 537 δ”ἀποσείεται
773 494 874 546 δίχα
900 491 1011 543 τινὸς
1042 491 1291 535 ἐπεισάκτου
1307 492 1590 550 γεωμετρικῆς
1619 490 1745 549 ἀνάγ-

291 578 366 616 κης
398 561 471 604 καί
516 561 616 614 δίχα
655 561 973 616 συλλογιστικῆς
1019 559 1273 611 ἀποδειξεως
1304 558 1634 616 οἱασδηποὶοῦν,
1671 561 1780 604 τοῦδ

276 629 553 683 ’δημιουργοῦ
581 629 685 668 θεοῦ
711 626 942 683 πανσόφως
978 626 1412 682 προοικονομήσαντός
1438 641 1483 670 τε
1513 625 1586 670 καὶ
1614 629 1746 683 arpo&-

291 693 493 743 ποθέντος
521 695 574 750 τῇ
610 694 737 751 φύσει
768 695 1066 749 σπερματικῶς
1107 691 1263 737 οὖτωσί
1288 692 1363 744 τὰς
1389 693 1586 744 τοιαύτας
1615 692 1745 753 ἆρχε-

289 761 439 817 γόνους
468 759 602 817 ῥίζας,
622 762 795 818 ἐφόδιον
814 760 1037 817 κράτιστον
1050 766 1144 811 ταῖς
1157 762 1498 822 ἐπιστημονικαῖς
1515 757 1611 818 ἑξῆς
1633 759 1744 808 cind-

291 843 386 875 σαις
413 828 617 882 μεθόδοις
646 828 719 870 καὶ
752 827 1043 880 ἀποδείξεσιν,
1082 830 1124 881 ἐξ
1169 824 1225 872 ὧν
1257 828 1295 873 οἱ
1326 829 1646 886 ἀκαταμάχητοι
1673 828 1747 872 καί

292 894 639 948 δυσαντίβλεπτοι
667 895 853 949 μάλιστα
885 896 959 950 τῆς
990 895 1193 952 ἀληθείας
1233 898 1524 953 περατοῦνταο
1549 899 1746 952 συλλογι-
1761 899 1806 936 10

241 960 405 1015 οσμοί.
436 962 522 1003 δεῖν
554 959 636 1017 γὰρ
671 956 781 1003 εἶναι
804 960 879 1011 τὰς
911 960 1049 1018 ἀρχὰς
1077 965 1160 1005 τῶν
1184 962 1477 1018 συλλογισμῶν
1495 960 1744 1007 αὐτοδιδάκ-

288 1042 387 1076 τους
424 1028 499 1071 καί
526 1026 705 1070 αὐτόθεν
747 1029 930 1082 ἐχούσας
958 1028 1003 1072 τό
1035 1028 1183 1072 πιστὸν
1210 1029 1285 1074 καὶ
1317 1029 1615 1086 ἀναντίρρητον
1637 1043 1743 1071 παν-

287 1094 422 1146 ταχοῦ
451 1093 525 1136 καὶ
568 1093 772 1150 ὅμόλογον
809 1096 852 1147 ἔξ
894 1094 1088 1139 ἁπάντων
1131 1094 1178 1138 τὸ
1209 1095 1553 1156 σῦγκεχωρηκός,
1594 1091 1652 1144 ὥς
1695 1091 1746 1136 ἂν

290 1159 332 1210 ἐξ
365 1157 625 1216 ὄρμητηρίου
652 1161 830 1215 βεβαίου
861 1160 934 1204 καί
966 1160 1185 1217 ἀσφαλοῦς
1217 1158 1311 1211 ταῖς
1349 1162 1433 1204 τῶν
1459 1162 1606 1218 σοφῶν
1637 1159 1744 1202 ἀπο-

291 1227 513 1276 δειντικαῖς
544 1231 708 1283 φωναῖς
748 1243 793 1270 τε
823 1228 896 1270 καί
923 1227 1124 1284 γλώτταις
1151 1227 1417 1283 κινουμέναις
1450 1227 1660 1284 ἀγώγιμον
1688 1225 1745 1278 ὥς
1759 1233 1804 1270 15

289 1289 363 1348 ὑφ’
388 1291 492 1350 ἡλίῳ
528 1293 602 1336 καί
631 1294 742 1350 φωτί
765 1294 898 1350 μέχρι
923 1296 997 1337 τοῦ
1026 1296 1309 1352 προσήκοντος
1335 1291 1493 1354 ἑκάστῳ
1523 1294 1743 1352 συμπερά-

290 1375 448 1413 σματος
474 1359 520 1402 τὸ
547 1363 621 1415 τῆς
652 1360 855 1416 ἀληθείας
883 1360 948 1418 εἴη
979 1362 1466 1420 πορευόμενονρὖγενές.

243 1449 271 1483 2
423 1427 515 1470 Καὶ
543 1428 594 1470 ἵν’
626 1425 909 1485 ὖποδείγμασι
943 1429 1058 1485 τρισὶ
1100 1431 1174 1472 καί
1216 1429 1390 1487 τέτρασι
1419 1431 1744 1487 διαλευκανθείη

287 1493 338 1536 τὰ
373 1494 573 1550 εἰρημένα
593 1527 605 1546 ,
636 1496 880 1552 προκείσθω
911 1498 985 1540 νῦν
1019 1497 1272 1548 διδάσκαλος
1309 1496 1411 1554 ἧμῖν
1451 1496 1474 1541 ὅ
1513 1499 1646 1555 μέγας
1671 1501 1746 1555 τῆς

288 1562 520 1617 ἐκκλησίας
541 1561 716 1618 φωστὴρ
747 1564 994 1615 Διονύσιος,
1035 1566 1079 1607 ἐκ
1105 1566 1189 1607 τῶν
1216 1566 1271 1622 τῇ
1301 1565 1503 1622 αἰσθήσει
1519 1566 1746 1624 γνωρίμων
1756 1573 1802 1610 20

287 1628 360 1670 καί
388 1627 565 1671 αὐτόθεν
590 1628 636 1672 τὸ
667 1628 815 1672 πιστὸν
845 1631 1027 1684 ἐχόντων
1051 1632 1126 1675 καί
1157 1630 1315 1676 ἅπασιν
1337 1630 1670 1690 ὡμολογημένων
1697 1631 1744 1676 τὰ

288 1695 611 1752 συγκεχωρηκὸς
641 1700 860 1754 παριστιόν
887 1697 933 1741 τὸ
966 1699 1229 1755 ζητούμενον.
1287 1698 1426 1742 θέλων
1460 1698 1544 1757 γὰρ
1573 1699 1744 1752 διδάξαι
1767 1718 1776 1721 ·

283 1918 362 1942 mae
389 1908 555 1943 notiones
594 1914 630 1943 et
653 1910 816 1945 notitiae.
865 1921 945 1946 nam
971 1913 1065 1957 quod
1090 1912 1248 1947 videmus
1275 1922 1342 1947 nos
1368 1917 1404 1947 et
1426 1912 1604 1956 audimus,
1637 1915 1740 1950 modo

285 1955 404 2000 palato
439 1955 557 1990 dulcia
599 1962 635 1990 et
666 1967 784 1992 amaro
821 1959 1060 2004 percipimus,
1092 1960 1194 1994 modo
1225 1969 1351 2004 aspera
1381 1964 1417 1994 et
1439 1959 1536 1994 levia
1553 1965 1676 2003 tactu,
1706 1967 1742 1996 et

287 2003 380 2047 quod
408 2002 541 2037 calidus
569 2009 604 2037 et
628 2004 755 2039 ardens
779 2006 873 2051 ignis
901 2012 974 2049 est,
998 2007 1059 2040 nix
1086 2007 1232 2052 frigida,
1260 2007 1510 2052 perceptiones
1538 2017 1740 2043 communes

287 2055 369 2084 sunt
394 2055 429 2084 et
457 2051 622 2095 propriae
646 2062 823 2087 sensuum.
873 2064 991 2098 neque
1019 2054 1110 2088 enim
1143 2064 1163 2088 a
1188 2064 1361 2099 quoquam
1396 2054 1584 2089 edocemur
1616 2055 1740 2090 videre
1768 2098 1770 2101 v

287 2102 323 2130 et
359 2097 482 2131 audire
515 2103 576 2131 aut
599 2099 716 2142 ignem
749 2100 896 2143 ardere,
932 2101 1067 2146 frigere
1103 2101 1242 2142 nivem,
1279 2100 1350 2135 mel
1385 2100 1490 2135 dulce
1523 2111 1614 2135 esse.
1676 2113 1739 2137 sua

285 2149 412 2187 sponte
439 2145 531 2178 enim
557 2155 682 2180 sensus
710 2146 753 2180 ad
778 2146 848 2181 alia
875 2147 1043 2190 inclinat,
1068 2148 1139 2182 alia
1157 2148 1268 2193 fugit,
1293 2146 1393 2181 nulla
1423 2148 1556 2182 adscita
1589 2158 1738 2194 geome..

284 2192 373 2224 trica
397 2192 612 2225 necessitate
639 2193 698 2226 vel
725 2193 796 2228 alia
820 2194 980 2239 qualibet
1004 2196 1320 2240 argumentatione.
1369 2195 1400 2229 si
1426 2195 1517 2228 enim
1543 2195 1630 2229 deus
1654 2197 1737 2230 uni..

284 2239 382 2272 versi
408 2244 613 2282 procreator
644 2241 746 2274 initio
772 2241 950 2276 distribuit
978 2248 1013 2276 et
1037 2243 1162 2276 iniecit
1185 2247 1330 2276 naturae
1355 2243 1488 2276 semina
1513 2241 1577 2276 hos
1601 2243 1737 2278 radices

285 2285 485 2329 primitivos
501 2310 512 2328 ‚
547 2286 770 2322 fundamenta
793 2289 991 2323 certissima
1018 2289 1055 2322 in
1079 2289 1228 2324 scientia
1252 2298 1461 2334 quacunque
1500 2290 1738 2334 comprehen-

286 2332 398 2366 denda
425 2338 459 2366 et
484 2334 765 2368 demonstranda.
817 2337 910 2370 unde
935 2337 1067 2371 invicta
1093 2341 1128 2370 et
1152 2335 1211 2370 vel
1238 2336 1387 2369 maxime
1407 2335 1550 2370 stabilia
1574 2338 1737 2373 veritatis

285 2386 490 2424 argumenta
512 2386 691 2424 petuntur.
740 2392 818 2416 nam
843 2389 1130 2428 argumentorum
1153 2383 1274 2418 dicunt
1299 2383 1473 2427 principia
1508 2394 1572 2428 per
1595 2394 1635 2418 se
1670 2385 1736 2419 de-

284 2426 371 2460 bere
398 2437 478 2461 esse
503 2428 603 2470 data,
632 2434 667 2462 et
692 2440 783 2474 quae
808 2439 872 2474 per
897 2441 936 2465 se
962 2431 1063 2465 fldem
1089 2430 1242 2464 habeant
1267 2436 1303 2464 et
1322 2430 1464 2464 omnino
1489 2431 1587 2465 firma
1605 2433 1676 2467 sint
1702 2437 1737 2467 et

285 2474 491 2518 quibuscum
516 2475 658 2520 singula
687 2477 802 2510 omnia
829 2479 1062 2512 consentiant.
1111 2478 1211 2522 quasi
1240 2487 1318 2511 cum
1343 2476 1398 2511 his
1434 2478 1549 2511 omnia
1581 2488 1735 2513 consen-

283 2521 391 2563 tiant3
417 2524 516 2567 quasi
545 2523 682 2557 ratione
707 2524 930 2570 instigati-'me
964 2525 1108 2570 quadam
1139 2524 1236 2559 firma
1271 2534 1312 2558 ac
1350 2529 1448 2558 certa
1472 2525 1585 2559 innixi
1612 2525 1735 2571 philo-

282 2568 386 2612 sophi
412 2574 575 2614 tanquam
603 2570 666 2604 sub
684 2570 762 2605 sole
787 2572 829 2606 ab
853 2571 937 2606 luce
961 2573 998 2606 in
1017 2571 1292 2618 argumentando
1310 2571 1519 2616 protrahere
1538 2574 1674 2617 possint
1691 2573 1735 2607 ad

283 2616 453 2661 cuiusque
476 2617 528 2650 rei
556 2627 676 2651 veram
700 2619 962 2663 necessitatem,
987 2619 1058 2654 vim
1085 2619 1258 2654 veritatis.

416 2681 485 2716 Sed
510 2686 550 2715 ut
579 2682 751 2726 exemplis
776 2683 889 2718 tribus
915 2683 975 2718 vel
1000 2689 1150 2729 quatuor
1173 2682 1394 2717 illustrentur
1423 2692 1513 2727 quae
1537 2683 1630 2717 dicta
1653 2688 1736 2718 sunt

289 2727 381 2761 dicat
403 2738 499 2762 nunc
523 2730 692 2774 magister
715 2736 837 2764 noster
860 2741 1006 2776 magnus
1039 2730 1103 2765 ille
1129 2729 1305 2764 ecclcsiae
1329 2730 1520 2774 sospitator
1544 2729 1735 2774 Dionysius

286 2775 345 2819 qui
374 2784 415 2808 cx
443 2776 485 2809 iis
512 2786 602 2821 quae
631 2778 873 2822 percipiuntur
911 2777 1072 2816 sensibus
1098 2782 1132 2812 et
1154 2787 1218 2823 per
1248 2786 1288 2814 se
1312 2776 1415 2813 fldem
1439 2776 1570 2817 habeut
1596 2781 1634 2816 et
1655 2786 1735 2818 cum
