<?xml version="1.0" encoding="UTF-8"?>
<!DOCTYPE html PUBLIC "-//W3C//DTD XHTML 1.0 Transitional//EN"
    "http://www.w3.org/TR/xhtml1/DTD/xhtml1-transitional.dtd">
<html xmlns="http://www.w3.org/1999/xhtml" xml:lang="en" lang="en">
 <head>
  <title>
</title>
<meta http-equiv="Content-Type" content="text/html;charset=utf-8" />
  <meta name='ocr-system' content='tesseract 3.04.00' />
  <meta name='ocr-capabilities' content='ocr_page ocr_carea ocr_par ocr_line ocrx_word'/>
</head>
<body>
  <div class='ocr_page' id='page_1' title='image "./corpusscriptorum40niebuoft_0146.png"; bbox 0 0 1826 3120; ppageno 0'>
   <div class='ocr_carea' id='block_1_1' title="bbox 291 177 1345 233">
    <p class='ocr_par' dir='ltr' id='par_1_1' title="bbox 291 177 1345 233">
     <span class='ocr_line' id='line_1_1' title="bbox 291 177 1345 233; baseline 0.003 -3"><span class='ocrx_word' id='word_1_1' title='bbox 291 177 386 231; x_wconf 75' lang='lat'><strong>134</strong></span> <span class='ocrx_word' id='word_1_2' title='bbox 697 185 994 232; x_wconf 69' lang='lat' dir='ltr'><strong>menmium</strong></span> <span class='ocrx_word' id='word_1_3' title='bbox 1039 188 1345 233; x_wconf 76' lang='lat' dir='ltr'><strong>enEGoaAE</strong></span> 
     </span>
    </p>
   </div>
   <div class='ocr_carea' id='block_1_2' title="bbox 113 293 1803 1908">
    <p class='ocr_par' dir='ltr' id='par_1_2' title="bbox 113 293 1803 1908">
     <span class='ocr_line' id='line_1_2' title="bbox 289 293 1745 355; baseline 0.003 -18"><span class='ocrx_word' id='word_1_4' title='bbox 289 293 576 338; x_wconf 84' lang='grc' dir='ltr'><strong><em>καθίστασθαι</em></strong></span> <span class='ocrx_word' id='word_1_5' title='bbox 607 295 688 338; x_wconf 79' lang='grc' dir='ltr'><strong>τῶν</strong></span> <span class='ocrx_word' id='word_1_6' title='bbox 715 293 940 349; x_wconf 78' lang='grc' dir='ltr'><em>βελτιόνων</em></span> <span class='ocrx_word' id='word_1_7' title='bbox 961 297 1106 351; x_wconf 77' lang='grc' dir='ltr'><strong><em>σοφῶν</em></strong></span> <span class='ocrx_word' id='word_1_8' title='bbox 1135 295 1468 350; x_wconf 78' lang='grc' dir='ltr'><strong><em>παραινούντων.</em></strong></span> <span class='ocrx_word' id='word_1_9' title='bbox 1525 294 1617 342; x_wconf 69' lang='grc' dir='ltr'><strong><em>ἀλλ’</em></strong></span> <span class='ocrx_word' id='word_1_10' title='bbox 1647 297 1745 355; x_wconf 69' lang='grc' dir='ltr'><strong><em>ἡμῖν</em></strong></span> 
     </span>
     <span class='ocr_line' id='line_1_3' title="bbox 284 356 1744 422; baseline 0.002 -17"><span class='ocrx_word' id='word_1_11' title='bbox 284 376 332 416; x_wconf 74' lang='grc' dir='ltr'><strong>γε</strong></span> <span class='ocrx_word' id='word_1_12' title='bbox 364 360 414 417; x_wconf 75' lang='grc' dir='ltr'><em>δὴ</em></span> <span class='ocrx_word' id='word_1_13' title='bbox 445 361 548 415; x_wconf 76' lang='grc' dir='ltr'><strong><em>μήθ’</em></strong></span> <span class='ocrx_word' id='word_1_14' title='bbox 580 356 685 411; x_wconf 69' lang='grc' dir='ltr'><strong><em>ὅλως</em></strong></span> <span class='ocrx_word' id='word_1_15' title='bbox 714 357 812 404; x_wconf 78' lang='grc' dir='ltr'><strong><em>ὅλον</em></strong></span> <span class='ocrx_word' id='word_1_16' title='bbox 839 359 987 416; x_wconf 79' lang='grc' dir='ltr'><strong><em>ἔχουσι</em></strong></span> <span class='ocrx_word' id='word_1_17' title='bbox 1014 361 1163 417; x_wconf 82' lang='grc' dir='ltr'><strong><em>καιρὸν</em></strong></span> <span class='ocrx_word' id='word_1_18' title='bbox 1193 366 1239 413; x_wconf 81' lang='grc' dir='ltr'><strong>ἐς</strong></span> <span class='ocrx_word' id='word_1_19' title='bbox 1263 364 1375 418; x_wconf 85' lang='grc' dir='ltr'><strong><em>δέον,</em></strong></span> <span class='ocrx_word' id='word_1_20' title='bbox 1402 359 1464 416; x_wconf 70' lang='grc' dir='ltr'><strong>’ὥς</strong></span> <span class='ocrx_word' id='word_1_21' title='bbox 1491 381 1536 420; x_wconf 80' lang='grc' dir='ltr'><strong><em>γε</em></strong></span> <span class='ocrx_word' id='word_1_22' title='bbox 1565 364 1744 422; x_wconf 81' lang='grc' dir='ltr'><strong><em>ἔφαμεν,</em></strong></span> 
     </span>
     <span class='ocr_line' id='line_1_4' title="bbox 283 427 1747 490; baseline 0.003 -18"><span class='ocrx_word' id='word_1_23' title='bbox 283 427 394 490; x_wconf 60' lang='grc' dir='ltr'><strong>μήτεΥ</strong></span> <span class='ocrx_word' id='word_1_24' title='bbox 433 427 518 484; x_wconf 73' lang='grc' dir='ltr'><strong>μὴν</strong></span> <span class='ocrx_word' id='word_1_25' title='bbox 559 429 660 471; x_wconf 66' lang='grc' dir='ltr'><strong><em>οὐδὲ</em></strong></span> <span class='ocrx_word' id='word_1_26' title='bbox 697 427 841 483; x_wconf 79' lang='grc' dir='ltr'><strong><em>βραχύ</em></strong></span> <span class='ocrx_word' id='word_1_27' title='bbox 872 445 913 471; x_wconf 83' lang='grc' dir='ltr'><strong>τι</strong></span> <span class='ocrx_word' id='word_1_28' title='bbox 960 430 1088 485; x_wconf 83' lang='grc' dir='ltr'><strong><em>μέρος</em></strong></span> <span class='ocrx_word' id='word_1_29' title='bbox 1124 427 1239 483; x_wconf 70' lang='grc' dir='ltr'><strong><em>ὥρας</em></strong></span> <span class='ocrx_word' id='word_1_30' title='bbox 1288 430 1508 488; x_wconf 84' lang='grc' dir='ltr'><strong><em>α’κλόνητον</em></strong></span> <span class='ocrx_word' id='word_1_31' title='bbox 1548 433 1657 488; x_wconf 80' lang='grc' dir='ltr'><strong><em>μηδὲ</em></strong></span> <span class='ocrx_word' id='word_1_32' title='bbox 1694 433 1747 490; x_wconf 82' lang='grc' dir='ltr'><strong>τῇ</strong></span> 
     </span>
     <span class='ocr_line' id='line_1_5' title="bbox 285 494 1746 555; baseline 0.001 -15"><span class='ocrx_word' id='word_1_33' title='bbox 285 496 427 555; x_wconf 72' lang='grc' dir='ltr'><strong><em>πρώτῃ</em></strong></span> <span class='ocrx_word' id='word_1_34' title='bbox 469 498 570 551; x_wconf 85' lang='grc' dir='ltr'><strong><em>γοῦν</em></strong></span> <span class='ocrx_word' id='word_1_35' title='bbox 598 495 716 550; x_wconf 81' lang='grc' dir='ltr'><strong><em>χειρὶ</em></strong></span> <span class='ocrx_word' id='word_1_36' title='bbox 751 494 858 538; x_wconf 74' lang='grc' dir='ltr'><strong><em>κατὰ</em></strong></span> <span class='ocrx_word' id='word_1_37' title='bbox 888 495 931 539; x_wconf 86' lang='grc' dir='ltr'><strong>τό</strong></span> <span class='ocrx_word' id='word_1_38' title='bbox 968 499 1042 553; x_wconf 77' lang='grc' dir='ltr'><strong><em>τῆς</em></strong></span> <span class='ocrx_word' id='word_1_39' title='bbox 1084 497 1251 553; x_wconf 84' lang='grc' dir='ltr'><strong><em>γνῶμης</em></strong></span> <span class='ocrx_word' id='word_1_40' title='bbox 1280 497 1536 552; x_wconf 85' lang='grc' dir='ltr'><strong><em>βουλόμενον</em></strong></span> <span class='ocrx_word' id='word_1_41' title='bbox 1577 499 1746 554; x_wconf 65' lang='grc' dir='ltr'><strong><em>χρῆσα-</em></strong></span> 
     </span>
     <span class='ocr_line' id='line_1_6' title="bbox 285 558 1778 620; baseline 0.001 -14"><span class='ocrx_word' id='word_1_42' title='bbox 285 567 389 606; x_wconf 88' lang='grc' dir='ltr'><strong><em>σθαι</em></strong></span> <span class='ocrx_word' id='word_1_43' title='bbox 423 564 529 615; x_wconf 75' lang='grc' dir='ltr'><strong><em>(πῶς</em></strong></span> <span class='ocrx_word' id='word_1_44' title='bbox 562 562 643 617; x_wconf 78' lang='grc' dir='ltr'><strong><em>γὰρ</em></strong></span> <span class='ocrx_word' id='word_1_45' title='bbox 686 558 748 613; x_wconf 83' lang='grc' dir='ltr'><strong>οἷς</strong></span> <span class='ocrx_word' id='word_1_46' title='bbox 786 562 1002 613; x_wconf 77' lang='grc' dir='ltr'><strong><em>τοσούτοις</em></strong></span> <span class='ocrx_word' id='word_1_47' title='bbox 1042 567 1329 607; x_wconf 76' lang='grc' dir='ltr'><strong><em>κεκυκλῶσθαι</em></strong></span> <span class='ocrx_word' id='word_1_48' title='bbox 1367 565 1600 618; x_wconf 78' lang='grc' dir='ltr'><strong><em>Κύκλωψιν</em></strong></span> <span class='ocrx_word' id='word_1_49' title='bbox 1635 567 1778 620; x_wconf 76' lang='grc' dir='ltr'><strong><em>ε’νῆν,5</em></strong></span> 
     </span>
     <span class='ocr_line' id='line_1_7' title="bbox 285 625 1749 689; baseline 0.003 -17"><span class='ocrx_word' id='word_1_50' title='bbox 285 632 357 674; x_wconf 77' lang='grc' dir='ltr'><strong><em>κατ’</em></strong></span> <span class='ocrx_word' id='word_1_51' title='bbox 386 625 446 679; x_wconf 82' lang='grc' dir='ltr'><strong>οἷς</strong></span> <span class='ocrx_word' id='word_1_52' title='bbox 485 630 603 684; x_wconf 87' lang='grc' dir='ltr'><strong><em>μα’λα</em></strong></span> <span class='ocrx_word' id='word_1_53' title='bbox 642 633 802 684; x_wconf 77' lang='grc' dir='ltr'><strong><em>μᾶλλον</em></strong></span> <span class='ocrx_word' id='word_1_54' title='bbox 843 626 869 685; x_wconf 75' lang='grc' dir='ltr'><em>ἢ</em></span> <span class='ocrx_word' id='word_1_55' title='bbox 904 631 1155 675; x_wconf 75' lang='grc' dir='ltr'><strong><em>Ταντάλειον</em></strong></span> <span class='ocrx_word' id='word_1_56' title='bbox 1200 631 1334 689; x_wconf 80' lang='grc' dir='ltr'><strong><em>φάναι</em></strong></span> <span class='ocrx_word' id='word_1_57' title='bbox 1380 635 1499 675; x_wconf 86' lang='grc' dir='ltr'><strong><em>λίθον</em></strong></span> <span class='ocrx_word' id='word_1_58' title='bbox 1537 631 1631 688; x_wconf 68' lang='grc' dir='ltr'><strong><em>ἐξῆν</em></strong></span> <span class='ocrx_word' id='word_1_59' title='bbox 1679 633 1749 676; x_wconf 73' lang='grc' dir='ltr'><strong>αἐἰ</strong></span> 
     </span>
     <span class='ocr_line' id='line_1_8' title="bbox 285 695 1749 756; baseline 0.001 -16"><span class='ocrx_word' id='word_1_60' title='bbox 285 699 532 753; x_wconf 76' lang='grc' dir='ltr'><strong><em>περιφανῶς</em></strong></span> <span class='ocrx_word' id='word_1_61' title='bbox 562 698 746 740; x_wconf 75' lang='grc' dir='ltr'><strong><em>δεδιέναι</em></strong></span> <span class='ocrx_word' id='word_1_62' title='bbox 769 695 865 747; x_wconf 73' lang='grc' dir='ltr'><strong>τούς</strong></span> <span class='ocrx_word' id='word_1_63' title='bbox 897 698 965 741; x_wconf 71' lang='grc' dir='ltr'><strong>ἀεὶ</strong></span> <span class='ocrx_word' id='word_1_64' title='bbox 993 698 1072 753; x_wconf 80' lang='grc' dir='ltr'><strong>πρὸ</strong></span> <span class='ocrx_word' id='word_1_65' title='bbox 1102 700 1249 752; x_wconf 80' lang='grc' dir='ltr'><strong><em>θυρῶν</em></strong></span> <span class='ocrx_word' id='word_1_66' title='bbox 1279 697 1584 756; x_wconf 75' lang='grc' dir='ltr'><strong><em>ἐφεδρεύοντας</em></strong></span> <span class='ocrx_word' id='word_1_67' title='bbox 1604 715 1646 744; x_wconf 89' lang='grc' dir='ltr'><strong>τε</strong></span> <span class='ocrx_word' id='word_1_68' title='bbox 1676 701 1749 743; x_wconf 72' lang='grc' dir='ltr'><strong>καὶ</strong></span> 
     </span>
     <span class='ocr_line' id='line_1_9' title="bbox 285 762 1746 824; baseline 0.002 -18"><span class='ocrx_word' id='word_1_69' title='bbox 285 762 436 806; x_wconf 77' lang='grc' dir='ltr'><strong><em>ἅπαντ’</em></strong></span> <span class='ocrx_word' id='word_1_70' title='bbox 468 764 536 807; x_wconf 78' lang='grc' dir='ltr'><strong><em>αέἰ</em></strong></span> <span class='ocrx_word' id='word_1_71' title='bbox 559 764 671 815; x_wconf 78' lang='grc' dir='ltr'><strong><em>τᾰμά</em></strong></span> <span class='ocrx_word' id='word_1_72' title='bbox 702 767 849 816; x_wconf 87' lang='grc' dir='ltr'><strong><em>δεινῶς</em></strong></span> <span class='ocrx_word' id='word_1_73' title='bbox 879 781 923 808; x_wconf 80' lang='grc' dir='ltr'><strong>τε</strong></span> <span class='ocrx_word' id='word_1_74' title='bbox 952 768 1024 807; x_wconf 81' lang='grc' dir='ltr'>καί</span> <span class='ocrx_word' id='word_1_75' title='bbox 1056 767 1215 819; x_wconf 77' lang='grc' dir='ltr'><strong><em>ἰταμῶς</em></strong></span> <span class='ocrx_word' id='word_1_76' title='bbox 1245 764 1580 824; x_wconf 47' lang='lat' dir='ltr'><strong>(lundonam)</strong></span> <span class='ocrx_word' id='word_1_77' title='bbox 1613 769 1746 823; x_wconf 78' lang='grc' dir='ltr'><strong><em>σχολῆ</em></strong></span> 
     </span>
     <span class='ocr_line' id='line_1_10' title="bbox 284 828 1747 890; baseline 0.003 -18"><span class='ocrx_word' id='word_1_78' title='bbox 284 834 322 885; x_wconf 81' lang='grc' dir='ltr'><strong>γ’</strong></span> <span class='ocrx_word' id='word_1_79' title='bbox 352 828 406 873; x_wconf 69' lang='grc' dir='ltr'><strong>ἄν</strong></span> <span class='ocrx_word' id='word_1_80' title='bbox 432 828 532 886; x_wconf 69' lang='grc' dir='ltr'><strong><em>ἄχρι</em></strong></span> <span class='ocrx_word' id='word_1_81' title='bbox 563 832 636 873; x_wconf 75' lang='grc' dir='ltr'><strong><em>κατ’</em></strong></span> <span class='ocrx_word' id='word_1_82' title='bbox 661 834 704 882; x_wconf 82' lang='grc' dir='ltr'><strong>ἐς</strong></span> <span class='ocrx_word' id='word_1_83' title='bbox 731 836 873 889; x_wconf 88' lang='grc' dir='ltr'><strong><em>τρίτην</em></strong></span> <span class='ocrx_word' id='word_1_84' title='bbox 903 834 1014 876; x_wconf 81' lang='grc' dir='ltr'><strong><em>ἰέναι</em></strong></span> <span class='ocrx_word' id='word_1_85' title='bbox 1049 832 1192 887; x_wconf 83' lang='grc' dir='ltr'><strong><em>χειρὸς</em></strong></span> <span class='ocrx_word' id='word_1_86' title='bbox 1228 835 1594 889; x_wconf 70' lang='grc' dir='ltr'><strong><em>αὕτονομουμένην</em></strong></span> <span class='ocrx_word' id='word_1_87' title='bbox 1623 833 1747 890; x_wconf 67' lang='grc' dir='ltr'><strong><em>ζήτη-</em></strong></span> 
     </span>
     <span class='ocr_line' id='line_1_11' title="bbox 284 889 1803 959; baseline 0.003 -18"><span class='ocrx_word' id='word_1_88' title='bbox 284 914 353 941; x_wconf 88' lang='grc' dir='ltr'><strong>σιν</strong></span> <span class='ocrx_word' id='word_1_89' title='bbox 379 896 459 952; x_wconf 78' lang='grc' dir='ltr'><strong><em>εἴη.</em></strong></span> <span class='ocrx_word' id='word_1_90' title='bbox 517 899 583 941; x_wconf 79' lang='grc' dir='ltr'><strong><em>διὸ</em></strong></span> <span class='ocrx_word' id='word_1_91' title='bbox 616 899 689 943; x_wconf 76' lang='grc' dir='ltr'><strong><em>κατ’</em></strong></span> <span class='ocrx_word' id='word_1_92' title='bbox 715 903 901 954; x_wconf 80' lang='grc' dir='ltr'><strong><em>στέργειν</em></strong></span> <span class='ocrx_word' id='word_1_93' title='bbox 932 897 1046 950; x_wconf 77' lang='grc' dir='ltr'><strong><em>ὅπως</em></strong></span> <span class='ocrx_word' id='word_1_94' title='bbox 1077 904 1175 943; x_wconf 83' lang='grc' dir='ltr'><strong><em>ποτὲ</em></strong></span> <span class='ocrx_word' id='word_1_95' title='bbox 1201 899 1502 956; x_wconf 76' lang='grc' dir='ltr'><strong><em>ἠναγκάσμεθα</em></strong></span> <span class='ocrx_word' id='word_1_96' title='bbox 1524 901 1570 959; x_wconf 85' lang='grc' dir='ltr'><strong>τῇ</strong></span> <span class='ocrx_word' id='word_1_97' title='bbox 1601 889 1803 959; x_wconf 70' lang='grc' dir='ltr'><strong><em>πρῶτῂιο</em></strong></span> 
     </span>
     <span class='ocr_line' id='line_1_12' title="bbox 285 963 1745 1024; baseline 0.002 -17"><span class='ocrx_word' id='word_1_98' title='bbox 285 968 359 1008; x_wconf 78' lang='grc' dir='ltr'><strong><em>καί</em></strong></span> <span class='ocrx_word' id='word_1_99' title='bbox 400 965 456 1014; x_wconf 81' lang='grc' dir='ltr'><strong>ὥς</strong></span> <span class='ocrx_word' id='word_1_100' title='bbox 494 965 643 1021; x_wconf 75' lang='grc' dir='ltr'><strong><em>ἔτυχεν</em></strong></span> <span class='ocrx_word' id='word_1_101' title='bbox 681 963 837 1024; x_wconf 76' lang='grc' dir='ltr'><strong><em>ἐχούσῃ</em></strong></span> <span class='ocrx_word' id='word_1_102' title='bbox 866 966 982 1024; x_wconf 69' lang='grc' dir='ltr'><strong><em>χειρί</em></strong></span> <span class='ocrx_word' id='word_1_103' title='bbox 1015 969 1088 1010; x_wconf 85' lang='grc' dir='ltr'><strong>τοῦ</strong></span> <span class='ocrx_word' id='word_1_104' title='bbox 1120 966 1171 1010; x_wconf 81' lang='grc' dir='ltr'><em>τὰ</em></span> <span class='ocrx_word' id='word_1_105' title='bbox 1204 967 1385 1024; x_wconf 80' lang='grc' dir='ltr'><strong><em>ἡμέτερα</em></strong></span> <span class='ocrx_word' id='word_1_106' title='bbox 1407 969 1745 1024; x_wconf 81' lang='grc' dir='ltr'><strong><em>πηδαλιουχοῦν-</em></strong></span> 
     </span>
     <span class='ocr_line' id='line_1_13' title="bbox 287 1033 503 1083; baseline 0 -7"><span class='ocrx_word' id='word_1_107' title='bbox 287 1048 356 1083; x_wconf 86' lang='grc' dir='ltr'><strong>τος</strong></span> <span class='ocrx_word' id='word_1_108' title='bbox 383 1033 503 1076; x_wconf 80' lang='grc' dir='ltr'><strong><em>θεοῦ.</em></strong></span> 
     </span>
     <span class='ocr_line' id='line_1_14' title="bbox 199 1097 1747 1160; baseline 0 -15"><span class='ocrx_word' id='word_1_109' title='bbox 199 1110 272 1145; x_wconf 76' lang='lat'><strong>18</strong></span> <span class='ocrx_word' id='word_1_110' title='bbox 423 1102 885 1157; x_wconf 78' lang='grc' dir='ltr'><strong><em>Τεσσαρακονθημέρου</em></strong></span> <span class='ocrx_word' id='word_1_111' title='bbox 933 1103 972 1144; x_wconf 87' lang='grc' dir='ltr'><strong>δ’</strong></span> <span class='ocrx_word' id='word_1_112' title='bbox 1019 1097 1097 1158; x_wconf 71' lang='grc' dir='ltr'><strong>ἤδη</strong></span> <span class='ocrx_word' id='word_1_113' title='bbox 1138 1102 1211 1144; x_wconf 88' lang='grc' dir='ltr'><strong>τόν</strong></span> <span class='ocrx_word' id='word_1_114' title='bbox 1238 1100 1396 1155; x_wconf 72' lang='grc' dir='ltr'><strong><em>μεταξύ</em></strong></span> <span class='ocrx_word' id='word_1_115' title='bbox 1443 1103 1515 1157; x_wconf 75' lang='grc' dir='ltr'><strong><em>τῆς</em></strong></span> <span class='ocrx_word' id='word_1_116' title='bbox 1544 1103 1747 1160; x_wconf 79' lang='grc' dir='ltr'><strong><em>ἐκδημίας</em></strong></span> 
     </span>
     <span class='ocr_line' id='line_1_15' title="bbox 281 1166 1746 1225; baseline -0.001 -14"><span class='ocrx_word' id='word_1_117' title='bbox 281 1166 599 1222; x_wconf 81' lang='grc' dir='ltr'><strong><em>Ἀγαθαγγέλου</em></strong></span> <span class='ocrx_word' id='word_1_118' title='bbox 624 1166 936 1225; x_wconf 77' lang='grc' dir='ltr'><strong><em>διαμετρούσης</em></strong></span> <span class='ocrx_word' id='word_1_119' title='bbox 963 1171 1132 1225; x_wconf 83' lang='grc' dir='ltr'><strong><em>χρόνον,</em></strong></span> <span class='ocrx_word' id='word_1_120' title='bbox 1167 1169 1273 1223; x_wconf 79' lang='grc' dir='ltr'><strong><em>ἡνίκ’</em></strong></span> <span class='ocrx_word' id='word_1_121' title='bbox 1303 1169 1385 1223; x_wconf 75' lang='grc' dir='ltr'><strong>ὀψὲ</strong></span> <span class='ocrx_word' id='word_1_122' title='bbox 1407 1172 1478 1225; x_wconf 80' lang='grc' dir='ltr'><strong>τῆς</strong></span> <span class='ocrx_word' id='word_1_123' title='bbox 1500 1172 1746 1218; x_wconf 81' lang='grc' dir='ltr'><strong><em>τελευταίας</em></strong></span> 
     </span>
     <span class='ocr_line' id='line_1_16' title="bbox 113 1228 1802 1293; baseline 0.001 -16"><span class='ocrx_word' id='word_1_124' title='bbox 113 1228 316 1268; x_wconf 73' lang='lat' dir='ltr'><strong>f·12⁷b·“</strong></span> <span class='ocrx_word' id='word_1_125' title='bbox 345 1235 506 1291; x_wconf 71' lang='grc' dir='ltr'><strong><em>ἡμέρας</em></strong></span> <span class='ocrx_word' id='word_1_126' title='bbox 524 1238 698 1290; x_wconf 80' lang='grc' dir='ltr'><strong><em>γένοιτο,</em></strong></span> <span class='ocrx_word' id='word_1_127' title='bbox 719 1236 863 1293; x_wconf 82' lang='grc' dir='ltr'><strong><em>ψόφου</em></strong></span> <span class='ocrx_word' id='word_1_128' title='bbox 879 1236 990 1287; x_wconf 82' lang='grc' dir='ltr'><strong><em>τινὸς</em></strong></span> <span class='ocrx_word' id='word_1_129' title='bbox 1020 1235 1124 1279; x_wconf 76' lang='grc' dir='ltr'><strong><em>κατά</em></strong></span> <span class='ocrx_word' id='word_1_130' title='bbox 1157 1235 1224 1280; x_wconf 83' lang='grc' dir='ltr'><strong>τὸν</strong></span> <span class='ocrx_word' id='word_1_131' title='bbox 1252 1236 1539 1290; x_wconf 74' lang='grc' dir='ltr'><strong><em>ὀπισθόδομον</em></strong></span> <span class='ocrx_word' id='word_1_132' title='bbox 1570 1234 1747 1280; x_wconf 75' lang='grc' dir='ltr'><strong><em>αι’σθέσ-</em></strong></span> <span class='ocrx_word' id='word_1_133' title='bbox 1760 1252 1802 1288; x_wconf 82' lang='lat'><strong>15</strong></span> 
     </span>
     <span class='ocr_line' id='line_1_17' title="bbox 283 1304 1746 1360; baseline 0 -14"><span class='ocrx_word' id='word_1_134' title='bbox 283 1306 360 1346; x_wconf 86' lang='grc' dir='ltr'><strong>θαι</strong></span> <span class='ocrx_word' id='word_1_135' title='bbox 400 1318 475 1355; x_wconf 86' lang='grc' dir='ltr'><strong>μοι</strong></span> <span class='ocrx_word' id='word_1_136' title='bbox 516 1305 706 1358; x_wconf 80' lang='grc' dir='ltr'><strong><em>γίνεται,</em></strong></span> <span class='ocrx_word' id='word_1_137' title='bbox 749 1307 824 1358; x_wconf 79' lang='grc' dir='ltr'><strong><em>τῆς</em></strong></span> <span class='ocrx_word' id='word_1_138' title='bbox 868 1321 914 1360; x_wconf 78' lang='grc' dir='ltr'><strong><em>γε</em></strong></span> <span class='ocrx_word' id='word_1_139' title='bbox 953 1307 1182 1360; x_wconf 82' lang='grc' dir='ltr'><strong><em>τηνικαῦτα</em></strong></span> <span class='ocrx_word' id='word_1_140' title='bbox 1224 1304 1368 1356; x_wconf 82' lang='grc' dir='ltr'><strong><em>νυκτὸς</em></strong></span> <span class='ocrx_word' id='word_1_141' title='bbox 1419 1307 1464 1348; x_wconf 84' lang='grc' dir='ltr'><strong>ἐκ</strong></span> <span class='ocrx_word' id='word_1_142' title='bbox 1515 1307 1746 1359; x_wconf 84' lang='grc' dir='ltr'><strong><em>προοιμίων</em></strong></span> 
     </span>
     <span class='ocr_line' id='line_1_18' title="bbox 285 1367 1738 1428; baseline 0.001 -17"><span class='ocrx_word' id='word_1_143' title='bbox 285 1370 497 1426; x_wconf 82' lang='grc' dir='ltr'><strong><em>α’φέγγους</em></strong></span> <span class='ocrx_word' id='word_1_144' title='bbox 532 1367 834 1428; x_wconf 65' lang='grc' dir='ltr'><strong><em>ὑπαρχούσης·</em></strong></span> <span class='ocrx_word' id='word_1_145' title='bbox 899 1371 1005 1425; x_wconf 69' lang='grc' dir='ltr'><strong><em>μετὰ</em></strong></span> <span class='ocrx_word' id='word_1_146' title='bbox 1045 1372 1126 1426; x_wconf 73' lang='grc' dir='ltr'><strong><em>χὰρ</em></strong></span> <span class='ocrx_word' id='word_1_147' title='bbox 1165 1375 1422 1427; x_wconf 77' lang='grc' dir='ltr'><strong><em>πανσέληνον</em></strong></span> <span class='ocrx_word' id='word_1_148' title='bbox 1465 1373 1568 1421; x_wconf 77' lang='grc' dir='ltr'><strong><em>τέως</em></strong></span> <span class='ocrx_word' id='word_1_149' title='bbox 1610 1370 1652 1420; x_wconf 69' lang='grc' dir='ltr'><strong>ἐς</strong></span> <span class='ocrx_word' id='word_1_150' title='bbox 1694 1369 1738 1413; x_wconf 81' lang='grc' dir='ltr'><strong>τό</strong></span> 
     </span>
     <span class='ocr_line' id='line_1_19' title="bbox 242 1431 1746 1495; baseline 0.001 -16"><span class='ocrx_word' id='word_1_151' title='bbox 242 1431 252 1437; x_wconf 62' lang='grc'><em>’</em></span> <span class='ocrx_word' id='word_1_152' title='bbox 285 1439 493 1493; x_wconf 83' lang='grc' dir='ltr'><strong><em>περίγειον</em></strong></span> <span class='ocrx_word' id='word_1_153' title='bbox 520 1439 595 1480; x_wconf 77' lang='grc' dir='ltr'><strong>τοῦ</strong></span> <span class='ocrx_word' id='word_1_154' title='bbox 623 1436 776 1494; x_wconf 72' lang='grc' dir='ltr'><strong><em>ἑαυτῆς</em></strong></span> <span class='ocrx_word' id='word_1_155' title='bbox 803 1436 825 1494; x_wconf 76' lang='grc' dir='ltr'><strong><em>ἧ</em></strong></span> <span class='ocrx_word' id='word_1_156' title='bbox 859 1439 1009 1495; x_wconf 71' lang='grc' dir='ltr'><strong><em>σελήνη</em></strong></span> <span class='ocrx_word' id='word_1_157' title='bbox 1038 1442 1271 1495; x_wconf 81' lang='grc' dir='ltr'><strong><em>ἐληλυθυῖα</em></strong></span> <span class='ocrx_word' id='word_1_158' title='bbox 1293 1441 1336 1482; x_wconf 78' lang='grc' dir='ltr'><strong>ἐκ</strong></span> <span class='ocrx_word' id='word_1_159' title='bbox 1365 1441 1535 1493; x_wconf 83' lang='grc' dir='ltr'><strong><em>κέντρου</em></strong></span> <span class='ocrx_word' id='word_1_160' title='bbox 1567 1437 1615 1480; x_wconf 88' lang='grc' dir='ltr'><strong>τὸ</strong></span> <span class='ocrx_word' id='word_1_161' title='bbox 1647 1436 1746 1480; x_wconf 76' lang='grc' dir='ltr'><strong><em>δεύ-</em></strong></span> 
     </span>
     <span class='ocr_line' id='line_1_20' title="bbox 285 1505 1744 1564; baseline 0.001 -18"><span class='ocrx_word' id='word_1_162' title='bbox 285 1519 432 1558; x_wconf 76' lang='grc' dir='ltr'><strong><em>τερον,</em></strong></span> <span class='ocrx_word' id='word_1_163' title='bbox 459 1507 531 1547; x_wconf 81' lang='grc' dir='ltr'>καί</span> <span class='ocrx_word' id='word_1_164' title='bbox 556 1506 663 1547; x_wconf 77' lang='grc' dir='ltr'><strong><em>κατὰ</em></strong></span> <span class='ocrx_word' id='word_1_165' title='bbox 692 1505 949 1561; x_wconf 75' lang='grc' dir='ltr'><strong><em>τετράγωνον</em></strong></span> <span class='ocrx_word' id='word_1_166' title='bbox 979 1509 1037 1564; x_wconf 72' lang='grc' dir='ltr'><strong>τῷ</strong></span> <span class='ocrx_word' id='word_1_167' title='bbox 1066 1505 1167 1564; x_wconf 78' lang='grc' dir='ltr'><strong><em>ἡλίῳ</em></strong></span> <span class='ocrx_word' id='word_1_168' title='bbox 1205 1508 1399 1562; x_wconf 78' lang='grc' dir='ltr'><strong><em>γινομένη</em></strong></span> <span class='ocrx_word' id='word_1_169' title='bbox 1430 1507 1744 1560; x_wconf 83' lang='grc' dir='ltr'><strong><em>σχηματισμόν,</em></strong></span> 
     </span>
     <span class='ocr_line' id='line_1_21' title="bbox 286 1568 1803 1630; baseline 0.001 -19"><span class='ocrx_word' id='word_1_170' title='bbox 286 1571 340 1611; x_wconf 81' lang='grc' dir='ltr'><strong>ου’</strong></span> <span class='ocrx_word' id='word_1_171' title='bbox 364 1568 480 1624; x_wconf 81' lang='grc' dir='ltr'><strong><em>μάλα</em></strong></span> <span class='ocrx_word' id='word_1_172' title='bbox 526 1569 805 1626; x_wconf 75' lang='grc' dir='ltr'><strong><em>α’κρονύκτους</em></strong></span> <span class='ocrx_word' id='word_1_173' title='bbox 843 1576 895 1630; x_wconf 84' lang='grc' dir='ltr'><strong>τῇ</strong></span> <span class='ocrx_word' id='word_1_174' title='bbox 935 1575 987 1630; x_wconf 84' lang='grc' dir='ltr'><strong>γῇ</strong></span> <span class='ocrx_word' id='word_1_175' title='bbox 1018 1575 1218 1627; x_wconf 82' lang='grc' dir='ltr'><strong><em>παρέχειν</em></strong></span> <span class='ocrx_word' id='word_1_176' title='bbox 1249 1574 1446 1626; x_wconf 72' lang='grc' dir='ltr'><strong><em>ἐβούλετο</em></strong></span> <span class='ocrx_word' id='word_1_177' title='bbox 1493 1575 1567 1621; x_wconf 81' lang='grc' dir='ltr'><strong>τας</strong></span> <span class='ocrx_word' id='word_1_178' title='bbox 1595 1570 1803 1625; x_wconf 69' lang='grc' dir='ltr'><strong><em>αιῗγάς.2ο</em></strong></span> 
     </span>
     <span class='ocr_line' id='line_1_22' title="bbox 285 1634 1743 1696; baseline 0.001 -17"><span class='ocrx_word' id='word_1_179' title='bbox 285 1638 359 1691; x_wconf 72' lang='grc' dir='ltr'><strong><em>κατ’</em></strong></span> <span class='ocrx_word' id='word_1_180' title='bbox 386 1634 476 1690; x_wconf 70' lang='grc' dir='ltr'><strong>ἅμα</strong></span> <span class='ocrx_word' id='word_1_181' title='bbox 505 1639 671 1696; x_wconf 77' lang='grc' dir='ltr'><strong><em>σπουδῇ</em></strong></span> <span class='ocrx_word' id='word_1_182' title='bbox 701 1637 868 1692; x_wconf 75' lang='grc' dir='ltr'><strong><em>παριών</em></strong></span> <span class='ocrx_word' id='word_1_183' title='bbox 899 1640 1004 1694; x_wconf 81' lang='grc' dir='ltr'><strong><em>ἐγώ,</em></strong></span> <span class='ocrx_word' id='word_1_184' title='bbox 1039 1642 1111 1681; x_wconf 77' lang='grc' dir='ltr'><strong><em>κατ’</em></strong></span> <span class='ocrx_word' id='word_1_185' title='bbox 1138 1639 1213 1694; x_wconf 75' lang='grc' dir='ltr'><strong>τὴν</strong></span> <span class='ocrx_word' id='word_1_186' title='bbox 1256 1638 1422 1694; x_wconf 73' lang='grc' dir='ltr'><strong><em>συνήθη</em></strong></span> <span class='ocrx_word' id='word_1_187' title='bbox 1450 1640 1608 1681; x_wconf 82' lang='grc' dir='ltr'><strong><em>πυλίδα</em></strong></span> <span class='ocrx_word' id='word_1_188' title='bbox 1637 1634 1743 1680; x_wconf 66' lang='lat' dir='ltr'><strong>‹iva-</strong></span> 
     </span>
     <span class='ocr_line' id='line_1_23' title="bbox 284 1702 1742 1763; baseline 0 -17"><span class='ocrx_word' id='word_1_189' title='bbox 284 1702 482 1757; x_wconf 80' lang='grc' dir='ltr'><strong><em>πετάσας,</em></strong></span> <span class='ocrx_word' id='word_1_190' title='bbox 508 1704 647 1763; x_wconf 75' lang='grc' dir='ltr'><strong><em>ἡσυχῇ</em></strong></span> <span class='ocrx_word' id='word_1_191' title='bbox 676 1704 749 1748; x_wconf 83' lang='grc' dir='ltr'><strong>τὸν</strong></span> <span class='ocrx_word' id='word_1_192' title='bbox 777 1706 1085 1760; x_wconf 78' lang='grc' dir='ltr'><strong><em>Ἀγαθάγγελον</em></strong></span> <span class='ocrx_word' id='word_1_193' title='bbox 1113 1703 1344 1762; x_wconf 79' lang='grc' dir='ltr'><strong><em>ἐδεχόμην,</em></strong></span> <span class='ocrx_word' id='word_1_194' title='bbox 1381 1702 1410 1748; x_wconf 71' lang='grc' dir='ltr'><em>ἃ</em></span> <span class='ocrx_word' id='word_1_195' title='bbox 1439 1707 1742 1760; x_wconf 76' lang='grc' dir='ltr'><strong><em>ἐπιτέτραπται</em></strong></span> 
     </span>
     <span class='ocr_line' id='line_1_24' title="bbox 283 1771 1740 1828; baseline 0 -16"><span class='ocrx_word' id='word_1_196' title='bbox 283 1771 406 1813; x_wconf 79' lang='grc' dir='ltr'><strong><em>πάντ’</em></strong></span> <span class='ocrx_word' id='word_1_197' title='bbox 434 1773 475 1820; x_wconf 81' lang='grc' dir='ltr'><strong>ἐς</strong></span> <span class='ocrx_word' id='word_1_198' title='bbox 500 1773 595 1815; x_wconf 79' lang='grc' dir='ltr'><strong><em>δέον</em></strong></span> <span class='ocrx_word' id='word_1_199' title='bbox 626 1775 698 1815; x_wconf 82' lang='grc' dir='ltr'><strong><em>καί</em></strong></span> <span class='ocrx_word' id='word_1_200' title='bbox 724 1771 829 1815; x_wconf 72' lang='grc' dir='ltr'><strong><em>κατὰ</em></strong></span> <span class='ocrx_word' id='word_1_201' title='bbox 860 1771 906 1815; x_wconf 85' lang='grc' dir='ltr'>τὸ</span> <span class='ocrx_word' id='word_1_202' title='bbox 937 1772 1137 1828; x_wconf 77' lang='grc' dir='ltr'><strong><em>ἀνάλογον</em></strong></span> <span class='ocrx_word' id='word_1_203' title='bbox 1168 1772 1413 1828; x_wconf 86' lang='grc' dir='ltr'><strong><em>πεπραχότα</em></strong></span> <span class='ocrx_word' id='word_1_204' title='bbox 1446 1775 1520 1815; x_wconf 74' lang='grc' dir='ltr'><strong><em>κατ’</em></strong></span> <span class='ocrx_word' id='word_1_205' title='bbox 1547 1772 1740 1828; x_wconf 82' lang='grc' dir='ltr'><strong><em>εἰρηκότα</em></strong></span> 
     </span>
     <span class='ocr_line' id='line_1_25' title="bbox 283 1835 1741 1908; baseline 0.001 -29"><span class='ocrx_word' id='word_1_206' title='bbox 283 1838 356 1880; x_wconf 80' lang='grc' dir='ltr'><em>καί</em></span> <span class='ocrx_word' id='word_1_207' title='bbox 395 1835 660 1891; x_wconf 81' lang='grc' dir='ltr'><strong><em>κεκομικότα.</em></strong></span> <span class='ocrx_word' id='word_1_208' title='bbox 737 1839 799 1883; x_wconf 85' lang='grc' dir='ltr'><strong>ἔτι</strong></span> <span class='ocrx_word' id='word_1_209' title='bbox 841 1843 980 1883; x_wconf 88' lang='grc' dir='ltr'><strong><em>τοίνυν</em></strong></span> <span class='ocrx_word' id='word_1_210' title='bbox 1023 1840 1104 1882; x_wconf 74' lang='grc' dir='ltr'><strong><em>ὑπό</em></strong></span> <span class='ocrx_word' id='word_1_211' title='bbox 1133 1856 1178 1895; x_wconf 80' lang='grc' dir='ltr'><strong><em>γε</em></strong></span> <span class='ocrx_word' id='word_1_212' title='bbox 1222 1843 1298 1883; x_wconf 81' lang='grc' dir='ltr'><strong>τοῦ</strong></span> <span class='ocrx_word' id='word_1_213' title='bbox 1343 1840 1515 1895; x_wconf 81' lang='grc' dir='ltr'><strong><em>μόχθου</em></strong></span> <span class='ocrx_word' id='word_1_214' title='bbox 1560 1842 1632 1882; x_wconf 79' lang='grc' dir='ltr'><strong><em>κατ’</em></strong></span> <span class='ocrx_word' id='word_1_215' title='bbox 1651 1841 1741 1908; x_wconf 52' lang='grc' dir='ltr'><strong>Ζῶν</strong></span> 
     </span>
    </p>
   </div>
   <div class='ocr_carea' id='block_1_3' title="bbox 283 1979 1744 2831">
    <p class='ocr_par' dir='ltr' id='par_1_3' title="bbox 283 1979 1741 2345">
     <span class='ocr_line' id='line_1_26' title="bbox 286 1979 1740 2025; baseline 0.001 -11"><span class='ocrx_word' id='word_1_216' title='bbox 286 1979 455 2015; x_wconf 82' lang='lat' dir='ltr'><strong>diffiteor.</strong></span> <span class='ocrx_word' id='word_1_217' title='bbox 504 1981 566 2014; x_wconf 85' lang='lat' dir='ltr'><strong>sed</strong></span> <span class='ocrx_word' id='word_1_218' title='bbox 603 1991 708 2025; x_wconf 84' lang='lat' dir='ltr'><strong>quum</strong></span> <span class='ocrx_word' id='word_1_219' title='bbox 747 1980 832 2014; x_wconf 91' lang='lat' dir='ltr'><strong>mihi</strong></span> <span class='ocrx_word' id='word_1_220' title='bbox 866 1991 983 2025; x_wconf 84' lang='lat' dir='ltr'><strong>neque</strong></span> <span class='ocrx_word' id='word_1_221' title='bbox 1010 1981 1098 2014; x_wconf 69' lang='lat' dir='ltr'><strong>rsatis</strong></span> <span class='ocrx_word' id='word_1_222' title='bbox 1138 1985 1233 2014; x_wconf 86' lang='lat' dir='ltr'><strong>esset</strong></span> <span class='ocrx_word' id='word_1_223' title='bbox 1265 1981 1433 2024; x_wconf 86' lang='lat' dir='ltr'><strong>temporis</strong></span> <span class='ocrx_word' id='word_1_224' title='bbox 1471 1991 1588 2025; x_wconf 88' lang='lat' dir='ltr'><strong>neque</strong></span> <span class='ocrx_word' id='word_1_225' title='bbox 1628 1981 1740 2016; x_wconf 88' lang='lat' dir='ltr'><strong>ullum</strong></span> 
     </span>
     <span class='ocr_line' id='line_1_27' title="bbox 286 2026 1741 2073; baseline 0.001 -12"><span class='ocrx_word' id='word_1_226' title='bbox 286 2028 444 2073; x_wconf 88' lang='lat' dir='ltr'><strong>quietum</strong></span> <span class='ocrx_word' id='word_1_227' title='bbox 471 2026 580 2061; x_wconf 87' lang='lat' dir='ltr'><strong>horae</strong></span> <span class='ocrx_word' id='word_1_228' title='bbox 607 2033 818 2061; x_wconf 81' lang='lat' dir='ltr'>momentum</span> <span class='ocrx_word' id='word_1_229' title='bbox 847 2037 915 2072; x_wconf 91' lang='lat' dir='ltr'><strong>quo</strong></span> <span class='ocrx_word' id='word_1_230' title='bbox 942 2027 1082 2072; x_wconf 89' lang='lat' dir='ltr'><strong>quidem</strong></span> <span class='ocrx_word' id='word_1_231' title='bbox 1098 2027 1210 2071; x_wconf 82' lang='lat' dir='ltr'><strong>prima</strong></span> <span class='ocrx_word' id='word_1_232' title='bbox 1235 2038 1338 2061; x_wconf 88' lang='lat' dir='ltr'><strong>manu</strong></span> <span class='ocrx_word' id='word_1_233' title='bbox 1352 2027 1612 2062; x_wconf 84' lang='lat' dir='ltr'><strong>adsententiam</strong></span> <span class='ocrx_word' id='word_1_234' title='bbox 1628 2039 1741 2071; x_wconf 86' lang='lat' dir='ltr'><strong>meam</strong></span> 
     </span>
     <span class='ocr_line' id='line_1_28' title="bbox 285 2074 1739 2120; baseline -0.001 -11"><span class='ocrx_word' id='word_1_235' title='bbox 285 2080 420 2117; x_wconf 82' lang='lat' dir='ltr'><strong>uterer,</strong></span> <span class='ocrx_word' id='word_1_236' title='bbox 446 2074 620 2120; x_wconf 81' lang='lat' dir='ltr'><strong>quomodo</strong></span> <span class='ocrx_word' id='word_1_237' title='bbox 647 2075 706 2119; x_wconf 90' lang='lat' dir='ltr'><strong>qui</strong></span> <span class='ocrx_word' id='word_1_238' title='bbox 730 2075 766 2109; x_wconf 89' lang='lat' dir='ltr'><strong>in</strong></span> <span class='ocrx_word' id='word_1_239' title='bbox 793 2076 899 2108; x_wconf 87' lang='lat' dir='ltr'><strong>tantis</strong></span> <span class='ocrx_word' id='word_1_240' title='bbox 923 2086 1041 2108; x_wconf 86' lang='lat' dir='ltr'><strong>rerum</strong></span> <span class='ocrx_word' id='word_1_241' title='bbox 1066 2074 1178 2108; x_wconf 79' lang='lat' dir='ltr'><strong>turbis</strong></span> <span class='ocrx_word' id='word_1_242' title='bbox 1212 2085 1253 2107; x_wconf 80' lang='lat' dir='ltr'><strong>ac</strong></span> <span class='ocrx_word' id='word_1_243' title='bbox 1278 2075 1430 2109; x_wconf 86' lang='lat' dir='ltr'><strong>motibus</strong></span> <span class='ocrx_word' id='word_1_244' title='bbox 1464 2075 1644 2109; x_wconf 88' lang='lat' dir='ltr'><strong>demersus</strong></span> <span class='ocrx_word' id='word_1_245' title='bbox 1679 2087 1739 2111; x_wconf 88' lang='lat' dir='ltr'><strong>es..</strong></span> 
     </span>
     <span class='ocr_line' id='line_1_29' title="bbox 286 2121 1739 2168; baseline -0.001 -12"><span class='ocrx_word' id='word_1_246' title='bbox 286 2133 361 2157; x_wconf 88' lang='lat' dir='ltr'><strong>sem</strong></span> <span class='ocrx_word' id='word_1_247' title='bbox 389 2127 424 2156; x_wconf 93' lang='lat' dir='ltr'><strong>et</strong></span> <span class='ocrx_word' id='word_1_248' title='bbox 449 2122 509 2168; x_wconf 91' lang='lat' dir='ltr'><strong>qui</strong></span> <span class='ocrx_word' id='word_1_249' title='bbox 536 2122 704 2155; x_wconf 87' lang='lat' dir='ltr'><strong>continuo</strong></span> <span class='ocrx_word' id='word_1_250' title='bbox 731 2123 842 2166; x_wconf 88' lang='lat' dir='ltr'><strong>magis</strong></span> <span class='ocrx_word' id='word_1_251' title='bbox 868 2132 969 2167; x_wconf 90' lang='lat' dir='ltr'><strong>quam</strong></span> <span class='ocrx_word' id='word_1_252' title='bbox 996 2121 1130 2156; x_wconf 76' lang='lat' dir='ltr'><strong>Tantali</strong></span> <span class='ocrx_word' id='word_1_253' title='bbox 1157 2121 1308 2166; x_wconf 80' lang='lat' dir='ltr'>lapidem</span> <span class='ocrx_word' id='word_1_254' title='bbox 1333 2128 1581 2166; x_wconf 79' lang='lat' dir='ltr'><strong>persecutores</strong></span> <span class='ocrx_word' id='word_1_255' title='bbox 1610 2124 1652 2158; x_wconf 85' lang='lat' dir='ltr'><strong>ad</strong></span> <span class='ocrx_word' id='word_1_256' title='bbox 1680 2124 1739 2158; x_wconf 73' lang='lat' dir='ltr'><strong>fo-</strong></span> 
     </span>
     <span class='ocr_line' id='line_1_30' title="bbox 284 2169 1739 2214; baseline 0.001 -11"><span class='ocrx_word' id='word_1_257' title='bbox 284 2179 343 2203; x_wconf 80' lang='lat' dir='ltr'><strong>res</strong></span> <span class='ocrx_word' id='word_1_258' title='bbox 367 2170 508 2204; x_wconf 77' lang='lat' dir='ltr'>assidue</span> <span class='ocrx_word' id='word_1_259' title='bbox 528 2169 740 2203; x_wconf 66' lang='lat' dir='ltr'><strong>&#39;assedentes</strong></span> <span class='ocrx_word' id='word_1_260' title='bbox 768 2174 802 2202; x_wconf 92' lang='lat' dir='ltr'><strong>et</strong></span> <span class='ocrx_word' id='word_1_261' title='bbox 829 2169 970 2214; x_wconf 85' lang='lat' dir='ltr'><strong>singula</strong></span> <span class='ocrx_word' id='word_1_262' title='bbox 995 2179 1157 2214; x_wconf 83' lang='lat' dir='ltr'><strong>quaeque</strong></span> <span class='ocrx_word' id='word_1_263' title='bbox 1193 2170 1495 2213; x_wconf 88' lang='lat' dir='ltr'><strong>impudentissime</strong></span> <span class='ocrx_word' id='word_1_264' title='bbox 1529 2169 1739 2214; x_wconf 74' lang='lat' dir='ltr'><strong>indagantes</strong></span> 
     </span>
     <span class='ocr_line' id='line_1_31' title="bbox 285 2216 1740 2262; baseline 0.001 -12"><span class='ocrx_word' id='word_1_265' title='bbox 285 2216 456 2258; x_wconf 75' lang='lat' dir='ltr'><strong>timerem,</strong></span> <span class='ocrx_word' id='word_1_266' title='bbox 482 2217 586 2250; x_wconf 85' lang='lat' dir='ltr'><strong>etiam</strong></span> <span class='ocrx_word' id='word_1_267' title='bbox 611 2217 715 2250; x_wconf 86' lang='lat' dir='ltr'><strong>tertia</strong></span> <span class='ocrx_word' id='word_1_268' title='bbox 740 2227 843 2250; x_wconf 87' lang='lat' dir='ltr'><strong>manu</strong></span> <span class='ocrx_word' id='word_1_269' title='bbox 870 2217 911 2250; x_wconf 91' lang='lat' dir='ltr'><strong>ad</strong></span> <span class='ocrx_word' id='word_1_270' title='bbox 929 2216 1150 2250; x_wconf 80' lang='lat' dir='ltr'><strong>retractanda</strong></span> <span class='ocrx_word' id='word_1_271' title='bbox 1178 2218 1310 2261; x_wconf 88' lang='lat' dir='ltr'><strong>scripta</strong></span> <span class='ocrx_word' id='word_1_272' title='bbox 1334 2216 1448 2250; x_wconf 87' lang='lat' dir='ltr'><strong>libere</strong></span> <span class='ocrx_word' id='word_1_273' title='bbox 1459 2218 1510 2250; x_wconf 89' lang='lat' dir='ltr'><strong>uti</strong></span> <span class='ocrx_word' id='word_1_274' title='bbox 1536 2217 1740 2262; x_wconf 83' lang='lat' dir='ltr'><strong>potuerim?</strong></span> 
     </span>
     <span class='ocr_line' id='line_1_32' title="bbox 283 2264 1734 2310; baseline 0.001 -13"><span class='ocrx_word' id='word_1_275' title='bbox 283 2274 393 2309; x_wconf 83' lang='lat' dir='ltr'><strong>quare</strong></span> <span class='ocrx_word' id='word_1_276' title='bbox 426 2264 463 2297; x_wconf 92' lang='lat' dir='ltr'><strong>in</strong></span> <span class='ocrx_word' id='word_1_277' title='bbox 488 2264 630 2309; x_wconf 83' lang='lat' dir='ltr'><strong>scriptis</strong></span> <span class='ocrx_word' id='word_1_278' title='bbox 658 2268 838 2310; x_wconf 86' lang='lat' dir='ltr'><strong>utcunque</strong></span> <span class='ocrx_word' id='word_1_279' title='bbox 878 2275 896 2297; x_wconf 93' lang='lat' dir='ltr'><strong>e</strong></span> <span class='ocrx_word' id='word_1_280' title='bbox 923 2264 1034 2308; x_wconf 82' lang='lat' dir='ltr'><strong>prima</strong></span> <span class='ocrx_word' id='word_1_281' title='bbox 1059 2273 1162 2297; x_wconf 86' lang='lat' dir='ltr'><strong>manu</strong></span> <span class='ocrx_word' id='word_1_282' title='bbox 1187 2264 1396 2307; x_wconf 87' lang='lat' dir='ltr'><strong>prodierunt</strong></span> <span class='ocrx_word' id='word_1_283' title='bbox 1430 2265 1595 2310; x_wconf 85' lang='lat' dir='ltr'><strong>acquievi</strong></span> <span class='ocrx_word' id='word_1_284' title='bbox 1622 2264 1734 2299; x_wconf 78' lang='lat' dir='ltr'><strong>fretus</strong></span> 
     </span>
     <span class='ocr_line' id='line_1_33' title="bbox 284 2310 677 2345; baseline 0 -1"><span class='ocrx_word' id='word_1_285' title='bbox 284 2310 342 2344; x_wconf 88' lang='lat' dir='ltr'><strong>dei</strong></span> <span class='ocrx_word' id='word_1_286' title='bbox 365 2321 469 2345; x_wconf 87' lang='lat' dir='ltr'><strong>manu</strong></span> <span class='ocrx_word' id='word_1_287' title='bbox 493 2311 677 2345; x_wconf 80' lang='lat' dir='ltr'><strong>adiutrice.</strong></span> 
     </span>
    </p>

    <p class='ocr_par' dir='ltr' id='par_1_4' title="bbox 284 2357 1744 2831">
     <span class='ocr_line' id='line_1_34' title="bbox 425 2357 1740 2404; baseline 0.001 -12"><span class='ocrx_word' id='word_1_288' title='bbox 425 2358 665 2404; x_wconf 77' lang='lat' dir='ltr'><strong>Quadraginta</strong></span> <span class='ocrx_word' id='word_1_289' title='bbox 698 2358 822 2392; x_wconf 88' lang='lat' dir='ltr'><strong>diebus</strong></span> <span class='ocrx_word' id='word_1_290' title='bbox 858 2364 939 2403; x_wconf 90' lang='lat' dir='ltr'><strong>post</strong></span> <span class='ocrx_word' id='word_1_291' title='bbox 972 2357 1210 2403; x_wconf 81' lang='lat' dir='ltr'><strong>Agathangeli</strong></span> <span class='ocrx_word' id='word_1_292' title='bbox 1247 2358 1438 2392; x_wconf 83' lang='lat' dir='ltr'><strong>discessum</strong></span> <span class='ocrx_word' id='word_1_293' title='bbox 1472 2358 1740 2404; x_wconf 81' lang='lat' dir='ltr'><strong>praeterlapsis,</strong></span> 
     </span>
     <span class='ocr_line' id='line_1_35' title="bbox 284 2404 1738 2450; baseline -0.001 -12"><span class='ocrx_word' id='word_1_294' title='bbox 284 2404 395 2439; x_wconf 90' lang='lat' dir='ltr'><strong>multo</strong></span> <span class='ocrx_word' id='word_1_295' title='bbox 422 2406 479 2440; x_wconf 91' lang='lat' dir='ltr'><strong>die</strong></span> <span class='ocrx_word' id='word_1_296' title='bbox 509 2416 573 2450; x_wconf 86' lang='lat' dir='ltr'><strong>per</strong></span> <span class='ocrx_word' id='word_1_297' title='bbox 600 2406 736 2439; x_wconf 90' lang='lat' dir='ltr'><strong>domum</strong></span> <span class='ocrx_word' id='word_1_298' title='bbox 762 2406 933 2450; x_wconf 73' lang='lat' dir='ltr'><strong>posticam</strong></span> <span class='ocrx_word' id='word_1_299' title='bbox 958 2407 1142 2449; x_wconf 75' lang='lat' dir='ltr'><strong>strepitum</strong></span> <span class='ocrx_word' id='word_1_300' title='bbox 1169 2405 1338 2450; x_wconf 85' lang='lat' dir='ltr'><strong>quendam</strong></span> <span class='ocrx_word' id='word_1_301' title='bbox 1355 2407 1528 2450; x_wconf 85' lang='lat' dir='ltr'><strong>percipio.</strong></span> <span class='ocrx_word' id='word_1_302' title='bbox 1555 2405 1622 2440; x_wconf 89' lang='lat' dir='ltr'><strong>hoc</strong></span> <span class='ocrx_word' id='word_1_303' title='bbox 1647 2412 1738 2441; x_wconf 90' lang='lat' dir='ltr'><strong>tem..</strong></span> 
     </span>
     <span class='ocr_line' id='line_1_36' title="bbox 285 2453 1738 2499; baseline 0.001 -13"><span class='ocrx_word' id='word_1_304' title='bbox 285 2462 374 2497; x_wconf 86' lang='lat' dir='ltr'><strong>porc</strong></span> <span class='ocrx_word' id='word_1_305' title='bbox 397 2453 526 2487; x_wconf 81' lang='lat' dir='ltr'><strong>accidit</strong></span> <span class='ocrx_word' id='word_1_306' title='bbox 551 2458 589 2486; x_wconf 90' lang='lat' dir='ltr'><strong>ut</strong></span> <span class='ocrx_word' id='word_1_307' title='bbox 613 2463 685 2486; x_wconf 88' lang='lat' dir='ltr'><strong>nox</strong></span> <span class='ocrx_word' id='word_1_308' title='bbox 709 2453 812 2487; x_wconf 89' lang='lat' dir='ltr'><strong>initio</strong></span> <span class='ocrx_word' id='word_1_309' title='bbox 842 2453 992 2486; x_wconf 88' lang='lat' dir='ltr'><strong>obscura</strong></span> <span class='ocrx_word' id='word_1_310' title='bbox 1018 2458 1124 2487; x_wconf 88' lang='lat' dir='ltr'><strong>esset.</strong></span> <span class='ocrx_word' id='word_1_311' title='bbox 1174 2463 1252 2486; x_wconf 87' lang='lat' dir='ltr'><strong>nam</strong></span> <span class='ocrx_word' id='word_1_312' title='bbox 1266 2453 1605 2496; x_wconf 87' lang='lat' dir='ltr'><strong>postplenilunium,</strong></span> <span class='ocrx_word' id='word_1_313' title='bbox 1633 2464 1738 2499; x_wconf 89' lang='lat' dir='ltr'><strong>quum</strong></span> 
     </span>
     <span class='ocr_line' id='line_1_37' title="bbox 285 2499 1738 2544; baseline 0 -10"><span class='ocrx_word' id='word_1_314' title='bbox 285 2500 370 2534; x_wconf 84' lang='lat' dir='ltr'><strong>luna</strong></span> <span class='ocrx_word' id='word_1_315' title='bbox 393 2501 436 2534; x_wconf 85' lang='lat' dir='ltr'><strong>ad</strong></span> <span class='ocrx_word' id='word_1_316' title='bbox 461 2500 558 2535; x_wconf 87' lang='lat' dir='ltr'><strong>orbis</strong></span> <span class='ocrx_word' id='word_1_317' title='bbox 584 2500 828 2534; x_wconf 74' lang='lat' dir='ltr'><strong>lustrationem</strong></span> <span class='ocrx_word' id='word_1_318' title='bbox 856 2511 875 2533; x_wconf 92' lang='lat' dir='ltr'><strong>e</strong></span> <span class='ocrx_word' id='word_1_319' title='bbox 902 2505 1024 2533; x_wconf 82' lang='lat' dir='ltr'><strong>centro</strong></span> <span class='ocrx_word' id='word_1_320' title='bbox 1050 2501 1176 2534; x_wconf 87' lang='lat' dir='ltr'><strong>iterum</strong></span> <span class='ocrx_word' id='word_1_321' title='bbox 1214 2499 1354 2534; x_wconf 82' lang='lat' dir='ltr'><strong>excedit</strong></span> <span class='ocrx_word' id='word_1_322' title='bbox 1379 2510 1451 2534; x_wconf 87' lang='lat' dir='ltr'><strong>non</strong></span> <span class='ocrx_word' id='word_1_323' title='bbox 1484 2501 1595 2544; x_wconf 85' lang='lat' dir='ltr'><strong>prima</strong></span> <span class='ocrx_word' id='word_1_324' title='bbox 1631 2506 1738 2535; x_wconf 89' lang='lat' dir='ltr'><strong>nocte</strong></span> 
     </span>
     <span class='ocr_line' id='line_1_38' title="bbox 285 2546 1736 2593; baseline 0.001 -13"><span class='ocrx_word' id='word_1_325' title='bbox 285 2546 400 2582; x_wconf 88' lang='lat' dir='ltr'><strong>lucem</strong></span> <span class='ocrx_word' id='word_1_326' title='bbox 428 2549 464 2582; x_wconf 88' lang='lat' dir='ltr'><strong>in</strong></span> <span class='ocrx_word' id='word_1_327' title='bbox 489 2553 616 2582; x_wconf 84' lang='lat' dir='ltr'><strong>terram</strong></span> <span class='ocrx_word' id='word_1_328' title='bbox 642 2548 759 2582; x_wconf 83' lang='lat' dir='ltr'><strong>mittit.</strong></span> <span class='ocrx_word' id='word_1_329' title='bbox 810 2548 877 2581; x_wconf 83' lang='lat' dir='ltr'><strong>iam</strong></span> <span class='ocrx_word' id='word_1_330' title='bbox 905 2557 972 2593; x_wconf 79' lang='lat' dir='ltr'><strong>ego</strong></span> <span class='ocrx_word' id='word_1_331' title='bbox 998 2548 1171 2581; x_wconf 81' lang='lat' dir='ltr'><strong>accedens</strong></span> <span class='ocrx_word' id='word_1_332' title='bbox 1197 2552 1313 2581; x_wconf 87' lang='lat' dir='ltr'><strong>notam</strong></span> <span class='ocrx_word' id='word_1_333' title='bbox 1340 2547 1438 2581; x_wconf 89' lang='lat' dir='ltr'><strong>illam</strong></span> <span class='ocrx_word' id='word_1_334' title='bbox 1465 2553 1600 2591; x_wconf 85' lang='lat' dir='ltr'><strong>portam</strong></span> <span class='ocrx_word' id='word_1_335' title='bbox 1614 2549 1736 2592; x_wconf 84' lang='lat' dir='ltr'><strong>aperio</strong></span> 
     </span>
     <span class='ocr_line' id='line_1_39' title="bbox 285 2594 1737 2640; baseline 0.001 -12"><span class='ocrx_word' id='word_1_336' title='bbox 285 2600 321 2628; x_wconf 85' lang='lat' dir='ltr'><strong>et</strong></span> <span class='ocrx_word' id='word_1_337' title='bbox 344 2594 488 2629; x_wconf 88' lang='lat' dir='ltr'><strong>silentio</strong></span> <span class='ocrx_word' id='word_1_338' title='bbox 514 2595 796 2640; x_wconf 75' lang='lat' dir='ltr'><strong>Agathangelum</strong></span> <span class='ocrx_word' id='word_1_339' title='bbox 822 2596 971 2640; x_wconf 87' lang='lat' dir='ltr'><strong>recipio,</strong></span> <span class='ocrx_word' id='word_1_340' title='bbox 998 2596 1057 2640; x_wconf 90' lang='lat' dir='ltr'><strong>qui</strong></span> <span class='ocrx_word' id='word_1_341' title='bbox 1083 2605 1314 2640; x_wconf 85' lang='lat' dir='ltr'><strong>quaecunque</strong></span> <span class='ocrx_word' id='word_1_342' title='bbox 1338 2595 1498 2629; x_wconf 88' lang='lat' dir='ltr'><strong>mandata</strong></span> <span class='ocrx_word' id='word_1_343' title='bbox 1522 2601 1621 2629; x_wconf 88' lang='lat' dir='ltr'><strong>erant</strong></span> <span class='ocrx_word' id='word_1_344' title='bbox 1645 2595 1737 2629; x_wconf 82' lang='lat' dir='ltr'><strong>bene</strong></span> 
     </span>
     <span class='ocr_line' id='line_1_40' title="bbox 285 2642 1737 2688; baseline -0.001 -12"><span class='ocrx_word' id='word_1_345' title='bbox 285 2647 321 2677; x_wconf 84' lang='lat' dir='ltr'><strong>et</strong></span> <span class='ocrx_word' id='word_1_346' title='bbox 347 2653 391 2676; x_wconf 86' lang='lat' dir='ltr'><strong>ex</strong></span> <span class='ocrx_word' id='word_1_347' title='bbox 415 2648 534 2688; x_wconf 85' lang='lat' dir='ltr'><strong>optato</strong></span> <span class='ocrx_word' id='word_1_348' title='bbox 562 2642 775 2688; x_wconf 80' lang='lat' dir='ltr'><strong>perfecerat,</strong></span> <span class='ocrx_word' id='word_1_349' title='bbox 805 2648 1032 2687; x_wconf 83' lang='lat' dir='ltr'><strong>exposuerat,</strong></span> <span class='ocrx_word' id='word_1_350' title='bbox 1058 2647 1319 2686; x_wconf 78' lang='lat' dir='ltr'><strong>apportaverat.</strong></span> <span class='ocrx_word' id='word_1_351' title='bbox 1349 2643 1511 2687; x_wconf 88' lang='lat' dir='ltr'><strong>equidem</strong></span> <span class='ocrx_word' id='word_1_352' title='bbox 1536 2643 1615 2677; x_wconf 88' lang='lat' dir='ltr'><strong>dum</strong></span> <span class='ocrx_word' id='word_1_353' title='bbox 1645 2643 1737 2676; x_wconf 90' lang='lat' dir='ltr'><strong>hunc</strong></span> 
     </span>
     <span class='ocr_line' id='line_1_41' title="bbox 288 2688 1744 2736; baseline 0.001 -13"><span class='ocrx_word' id='word_1_354' title='bbox 288 2688 411 2724; x_wconf 83' lang='lat' dir='ltr'><strong>labore</strong></span> <span class='ocrx_word' id='word_1_355' title='bbox 452 2691 630 2725; x_wconf 82' lang='lat' dir='ltr'><strong>defessum</strong></span> <span class='ocrx_word' id='word_1_356' title='bbox 671 2690 810 2736; x_wconf 86' lang='lat' dir='ltr'><strong>iamque</strong></span> <span class='ocrx_word' id='word_1_357' title='bbox 846 2690 1020 2724; x_wconf 87' lang='lat' dir='ltr'><strong>interdum</strong></span> <span class='ocrx_word' id='word_1_358' title='bbox 1045 2694 1139 2723; x_wconf 89' lang='lat' dir='ltr'><strong>metu</strong></span> <span class='ocrx_word' id='word_1_359' title='bbox 1165 2689 1403 2733; x_wconf 84' lang='lat' dir='ltr'><strong>perturbatum</strong></span> <span class='ocrx_word' id='word_1_360' title='bbox 1427 2690 1472 2724; x_wconf 86' lang='lat' dir='ltr'><strong>ad</strong></span> <span class='ocrx_word' id='word_1_361' title='bbox 1495 2691 1744 2734; x_wconf 80' lang='lat' dir='ltr'><strong>respirandum</strong></span> 
     </span>
     <span class='ocr_line' id='line_1_42' title="bbox 284 2735 1735 2783; baseline -0.001 -12"><span class='ocrx_word' id='word_1_362' title='bbox 284 2747 395 2783; x_wconf 85' lang='lat' dir='ltr'><strong>seque</strong></span> <span class='ocrx_word' id='word_1_363' title='bbox 419 2738 660 2782; x_wconf 84' lang='lat' dir='ltr'><strong>recipiendum</strong></span> <span class='ocrx_word' id='word_1_364' title='bbox 686 2742 821 2782; x_wconf 83' lang='lat' dir='ltr'><strong>tempus</strong></span> <span class='ocrx_word' id='word_1_365' title='bbox 847 2737 916 2772; x_wconf 75' lang='lat' dir='ltr'><strong>sibi</strong></span> <span class='ocrx_word' id='word_1_366' title='bbox 939 2747 1078 2772; x_wconf 83' lang='lat' dir='ltr'><strong>sumere</strong></span> <span class='ocrx_word' id='word_1_367' title='bbox 1104 2735 1187 2770; x_wconf 79' lang='lat' dir='ltr'><strong>volo</strong></span> <span class='ocrx_word' id='word_1_368' title='bbox 1215 2747 1281 2782; x_wconf 79' lang='lat' dir='ltr'><strong>ego</strong></span> <span class='ocrx_word' id='word_1_369' title='bbox 1310 2742 1390 2781; x_wconf 82' lang='lat' dir='ltr'><strong>post</strong></span> <span class='ocrx_word' id='word_1_370' title='bbox 1422 2737 1615 2771; x_wconf 74' lang='lat' dir='ltr'><strong>discessum</strong></span> <span class='ocrx_word' id='word_1_371' title='bbox 1637 2742 1735 2770; x_wconf 81' lang='lat' dir='ltr'><strong>tuum</strong></span> 
     </span>
     <span class='ocr_line' id='line_1_43' title="bbox 285 2781 1735 2831; baseline -0.001 -11"><span class='ocrx_word' id='word_1_372' title='bbox 285 2795 390 2831; x_wconf 83' lang='lat' dir='ltr'><strong>quum</strong></span> <span class='ocrx_word' id='word_1_373' title='bbox 414 2786 565 2821; x_wconf 81' lang='lat' dir='ltr'><strong>animum</strong></span> <span class='ocrx_word' id='word_1_374' title='bbox 590 2794 808 2820; x_wconf 80' lang='lat' dir='ltr'><strong>recreassem</strong></span> <span class='ocrx_word' id='word_1_375' title='bbox 835 2794 925 2830; x_wconf 82' lang='lat' dir='ltr'><strong>quae</strong></span> <span class='ocrx_word' id='word_1_376' title='bbox 953 2785 989 2818; x_wconf 85' lang='lat' dir='ltr'><strong>in</strong></span> <span class='ocrx_word' id='word_1_377' title='bbox 1016 2781 1170 2818; x_wconf 85' lang='lat' dir='ltr'><strong>ecclesia</strong></span> <span class='ocrx_word' id='word_1_378' title='bbox 1193 2788 1230 2817; x_wconf 86' lang='lat' dir='ltr'><strong>et</strong></span> <span class='ocrx_word' id='word_1_379' title='bbox 1254 2784 1292 2818; x_wconf 89' lang='lat' dir='ltr'><strong>in</strong></span> <span class='ocrx_word' id='word_1_380' title='bbox 1320 2785 1393 2819; x_wconf 84' lang='lat' dir='ltr'><strong>vita</strong></span> <span class='ocrx_word' id='word_1_381' title='bbox 1419 2783 1563 2829; x_wconf 80' lang='lat' dir='ltr'><strong>publicu</strong></span> <span class='ocrx_word' id='word_1_382' title='bbox 1591 2785 1735 2819; x_wconf 82' lang='lat' dir='ltr'><strong>accide-</strong></span> 
     </span>
    </p>
   </div>
   <div class='ocr_carea' id='block_1_4' title="bbox 1805 0 1826 3120">
    <p class='ocr_par' dir='ltr' id='par_1_5' title="bbox 1805 0 1826 3120">
     <span class='ocr_line' id='line_1_44' title="bbox 1805 0 1826 3120; baseline 0 0"><span class='ocrx_word' id='word_1_383' title='bbox 1805 0 1826 3120; x_wconf 95' lang='lat' dir='ltr'><strong> </strong></span> 
     </span>
    </p>
   </div>
  </div>
 </body>
</html>
