1826 3120
233 122 327 172 110
448 119 456 123 ’
631 124 926 173 memnoni
967 96 1271 172 aeneorum

232 233 574 290 ἁμαρτάνοντας,
608 236 768 290 μεγάλα
804 238 842 278 δ’
879 231 956 278 οὖν
994 236 1037 286 ἐς
1059 236 1272 289 προῦπτον
1311 234 1566 287 πάσχοντας,
1590 232 1689 290 μήτ’
1711 233 1731 251 ‘¹

227 302 409 357 α’πορεῖν
444 301 549 358 μήτε
594 309 878 357 γνωσιμαχεῖν
906 300 948 351 ἐς
982 307 1191 355 πλεῖστον,
1224 298 1329 342 α’λλά
1372 302 1430 358 τῷ
1457 300 1576 359 μόνῳ
1603 301 1691 359 θεῷ’

230 370 531 424 παραπέμπειν
568 368 642 423 τήν
673 370 838 424 κρίσιν,
878 369 935 425 τῷ
969 367 1044 418 τὰς
1082 367 1249 422 πρώτας
1279 368 1417 417 αἰτίας
1446 366 1689 422 γινώσκοντι

230 436 303 490 τῆς
328 434 405 484 τάς
435 437 595 485 ἑννοίας
635 436 812 490 ἐχούσης
840 436 984 489 ψυχῆς
1012 434 1112 490 περὶ
1143 436 1248 476 θεοῦ
1279 450 1324 476 τε
1355 433 1428 476 καί
1450 434 1532 476 τῶν
1560 432 1692 475 θείων

233 499 454 554 δογμάτων
482 501 593 543 πάνυ
622 518 661 543 τι
702 501 945 557 σφαλερός,
974 502 1047 542 καί
1083 496 1214 555 ἥκιστ’
1245 502 1287 549 ἐς
1316 503 1509 542 πλεῖστον
1539 499 1721 552 &vexo-5

228 566 339 624 μένῳ
372 566 447 622 τὴν
486 568 570 609 τῶν
595 569 796 610 πλείστων
840 569 883 609 ἐν
913 565 1076 616 τούτοις
1104 567 1325 610 καλύπτειν
1354 563 1495 620 σιγήν,
1534 567 1616 608 τῶν
1642 579 1686 607 τε

228 629 367 677 ἄλλων
411 636 483 677 καί
523 630 612 676 ὅσοι
654 640 741 683 τοῖς
782 636 1064 683 ἐπισκοπικοῖς
1098 634 1362 688 ε’νιδρύονται
1403 630 1604 687 θρόνοις,
1649 630 1692 674 οἵ

228 703 496 744 συνευδοκεῖν
525 696 662 742 ἑκοντὶ
680 706 773 750 ταῖς
792 702 946 755 α’ρχαῖς
974 700 1048 742 καί
1079 701 1288 751 ἐξουσίαις
1316 699 1393 741 οὐκ
1414 699 1580 742 ὀκνοῦσι
1609 700 1686 742 τοῦ

228 767 433 823 παρόντος
463 766 629 818 αἰῶνος,
661 769 720 824 πῇ
743 769 822 821 μὲν
846 767 1028 821 ματαίας
1057 768 1174 809 ἕνεκα
1206 766 1327 822 δόξης
1353 768 1428 810 καί
1452 766 1600 822 τύχης,
1630 765 1690 822 πῇ

142 834 275 880 4415&
307 835 574 890 προσκαίρων
605 834 703 876 οἵων
732 832 783 889 δὴ
814 837 937 876 τινῶν
967 834 1125 890 φόβων.
1200 830 1362 883 ἑκόντες
1389 832 1469 887 γάρ
1501 830 1688 892 ξκάτεροι
1702 838 1746 874 10

227 900 276 944 τά
305 903 481 956 μέγιστα
512 901 772 943 λανθάνουσι
799 901 1056 954 βλάπτοντες
1096 902 1207 957 κοινῇ
1236 916 1278 943 τε
1309 900 1381 942 καί
1405 901 1501 960 καθ’
1531 897 1689 942 ἕκαστα

228 965 418 1022 ἑαυτούς,
447 971 522 1024 τῆς
551 962 723 1010 αἰωνίου
756 967 877 1023 δόξης
917 966 994 1023 τὴν
1028 966 1196 1010 αἰώνιον
1228 967 1531 1021 ἄλλαττόμενοι
1560 966 1691 1008 κόλα-

227 1050 308 1077 σιν.
367 1028 393 1089 ἦ
425 1032 507 1089 γάρ
538 1030 592 1076 ἄν
619 1033 818 1085 καθάπαξ
848 1029 1042 1087 ἅπαντες,
1074 1028 1100 1087 ἢ
1131 1030 1175 1075 τό
1203 1049 1250 1089 γε
1280 1031 1473 1089 δεύτερον
1504 1031 1543 1076 οἷ
1571 1035 1690 1076 πλεί-

228 1115 316 1153 ους,
344 1099 447 1155 ὑπὲρ
477 1102 551 1155 τῆς
578 1102 757 1155 πατρίου
787 1101 961 1151 πίστεως
993 1102 1034 1150 ἐς
1057 1099 1159 1153 μίαν
1185 1099 1414 1155 α’θλητικὴν
1442 1099 1691 1155 παραταξά*

226 1182 345 1220 μενοι
374 1165 572 1223 φάλαγγα
602 1168 720 1209 δυοῖν
749 1183 793 1209 τε
826 1168 908 1210 ταῖν
947 1170 1176 1209 καλλίστων
1216 1165 1469 1221 ἐτύγχανον,
1497 1167 1570 1207 κατ’
1597 1161 1687 1218 ἅμα
1703 1173 1748 1208 15

227 1235 347 1276 δυοῖν
373 1236 454 1275 τῶν
491 1238 699 1277 κακίστων
738 1234 973 1288 ἀπείχοντο.
1042 1234 1115 1289 τήν
1144 1250 1190 1275 τε
1229 1233 1311 1289 γὰρ
1354 1231 1518 1275 ἑαυτῶν
1554 1227 1690 1275 οἷίδίον

229 1301 487 1354 ἐκαρποῦντο
516 1302 752 1357 ω’φέλειαν,
785 1300 858 1343 καί
884 1300 974 1354 ἅμα
1003 1299 1076 1341 τὸν
1103 1303 1282 1353 βασιλέα
1307 1301 1519 1355 μακάριον
1544 1298 1691 1355 ἔδρων,

229 1372 315 1415 τοῖς
358 1367 549 1421 πατρίοις
591 1370 808 1416 πείθοντες
850 1364 965 1422 ὅροις
1005 1365 1199 1420 ἐμμένειν
1231 1366 1305 1409 καί
1331 1368 1523 1421 δόγμασι.
1580 1368 1692 1422 μηδὲ

228 1433 309 1490 γάρ
338 1434 569 1487 δυνάμενος
597 1432 795 1485 καθάπαξ
829 1431 984 1476 ἅπασιν
1003 1430 1132 1482 αύτὸς
1159 1434 1463 1488 ἀνθίστασθαι,
1494 1433 1566 1476 καὶ
1582 1429 1693 1475 ἄκων

227 1493 328 1555 γσύν
355 1504 441 1548 τοῖς
478 1502 550 1555 τῆς
578 1500 876 1556 ὁμοφροσύνης
913 1500 1130 1554 εύσεβέσιν
1165 1496 1281 1555 ὅροις
1317 1502 1596 1555 συνηλαύνετ’
1626 1495 1753 1556 ἇν,20·

228 1567 339 1610 καθὰ
372 1566 443 1608 καί
470 1566 680 1617 πλείστοις
708 1563 851 1615 ἄλλοις
874 1567 1039 1623 ἀλλαχῇ
1060 1568 1251 1624 πολλαχῇ
1279 1568 1581 1620 συμπεπτωκὸς
1601 1568 1690 1609 κατ’

229 1629 366 1677 ἄλλοτ’
398 1629 550 1683 ἄλλους
580 1633 681 1682 τούς
709 1634 914 1689 χρόνους,
944 1635 1017 1676 νῦν
1044 1635 1123 1688 μὲν
1154 1631 1277 1683 ἐνίοις
1309 1636 1507 1689 ἐνιαχοῦ,
1535 1635 1612 1678 νῦν
1644 1634 1691 1677 δὲ

233 1813 325 1844 sunt.
387 1819 486 1850 nam,
531 1809 624 1853 quod
656 1810 749 1843 omni
790 1820 834 1843 ex
873 1815 974 1853 parte
1007 1811 1128 1844 verum
1156 1815 1227 1852 est,
1269 1809 1335 1844 deo
1369 1809 1438 1844 soli
1475 1813 1690 1845 reservatur.

234 1866 342 1901 quare
371 1867 475 1901 quum
500 1855 641 1898 multos,
664 1867 870 1901 quamquam
896 1856 1011 1900 palam
1036 1867 1107 1890 non
1123 1867 1247 1901 magna
1271 1857 1402 1891 delicta
1428 1858 1689 1900 commiserunt,

230 1904 367 1948 magnis
390 1908 507 1937 temen
536 1903 637 1936 malis
661 1903 775 1946 palam
801 1903 895 1937 affici
922 1905 1041 1946 vides,
1080 1914 1150 1938 non
1178 1906 1279 1948 inops
1307 1904 1449 1938 consilii
1479 1915 1558 1939 esse
1583 1904 1701 1938 debes*

231 1950 293 1985 ve}
322 1950 542 1984 dubitatione
559 1954 736 1992 aestuare,
764 1951 825 1984 sed
851 1950 919 1984 soli
946 1951 1011 1984 deo
1039 1953 1243 1995 permittere
1268 1952 1447 1993 iudicium,
1474 1953 1533 1996 qui
1561 1952 1690 1995 primas

232 2007 355 2031 causas
384 1998 489 2030 animi
515 1997 661 2030 lubricis
689 1998 869 2031 admodum
895 1997 938 2032 de
957 1998 1022 2031 deo
1047 1999 1247 2042 divinisque
1266 1999 1438 2043 dogmatis
1464 1999 1690 2042 opinionibus

230 2044 355 2078 imbuti
382 2045 566 2088 cognoscit
580 2054 697 2088 neque
715 2044 940 2087 plurimorum
958 2046 1000 2078 de
1021 2046 1118 2079 hisce
1134 2046 1237 2078 rebus
1253 2045 1430 2078 silentium
1446 2046 1504 2079 diu
1521 2045 1691 2090 obtegere

231 2092 382 2125 sustinet
396 2099 500 2136 quum
514 2091 663 2124 aliorum
679 2097 750 2125 tum
767 2101 899 2133 eorum,
931 2093 990 2136 qui
1018 2093 1054 2125 in
1079 2092 1273 2135 episcopali
1299 2093 1382 2125 sede
1399 2093 1577 2126 constituti
1597 2092 1689 2126 ultro

231 2149 309 2172 eum
332 2138 592 2183 magistratibus
621 2145 656 2172 et
683 2139 918 2181 potestatibus
954 2139 1055 2172 huius
1091 2140 1226 2172 saeculi
1263 2140 1396 2172 sentire
1421 2149 1491 2172 non
1520 2139 1690 2182 dubitant,

231 2196 298 2230 qua
334 2196 425 2219 vana
461 2185 576 2230 gloria
621 2191 655 2218 et
691 2186 855 2227 fortuna,
896 2195 964 2229 qua
1006 2186 1188 2220 timoribus
1226 2186 1429 2230 quibusdam
1469 2187 1690 2230 temporariis

231 2233 339 2268 ducti.
390 2242 453 2267 sua
478 2232 569 2267 enim
595 2238 722 2276 sponte
749 2234 890 2277 utrique
915 2233 982 2266 sihi
1008 2239 1043 2266 et
1068 2233 1261 2267 universim
1288 2239 1322 2266 et
1345 2233 1549 2278 singulatim
1574 2234 1690 2267 vehe-

230 2285 368 2316 menter
395 2279 464 2314 sihi
488 2285 632 2321 nocent,
660 2290 764 2323 quum
790 2285 969 2313 aeternam
995 2280 1143 2324 gloriam
1182 2291 1259 2313 cum
1286 2286 1430 2314 aeterna
1457 2281 1690 2325 castigatione

232 2331 458 2364 commutent.
485 2337 564 2360 nam
588 2327 751 2370 profecto
773 2327 802 2360 si
829 2327 870 2359 ad
896 2338 1001 2360 unum
1033 2337 1152 2360 omnes
1174 2328 1233 2361 vel
1260 2329 1371 2361 maior
1391 2327 1513 2361 saltem
1542 2338 1623 2372 pars
1648 2327 1691 2360 ad

231 2374 379 2417 patriam
403 2373 507 2411 fidem
533 2373 784 2409 defendendam
810 2374 853 2407 ad
869 2384 972 2407 unam
998 2375 1097 2419 quasi
1123 2374 1325 2408 athleticam
1356 2375 1467 2407 aciem
1494 2385 1575 2408 sese
1600 2384 1690 2408 con-

231 2420 548 2465 iungerent,.duus
593 2431 651 2454 ree
678 2431 808 2464 easque
842 2422 990 2463 optimas
1028 2422 1316 2455 nanciscerentur
1345 2421 1519 2465 simulque
1557 2421 1690 2455 duabus

230 2468 349 2511 iisque
373 2468 542 2510 pessimis
579 2467 821 2508 abstinerent3
847 2468 915 2501 eibi
942 2469 1033 2501 enim
1060 2469 1306 2511 sempiternam
1341 2468 1488 2502 salutem
1513 2473 1690 2512 pararent,

229 2514 481 2557 imperatorem
516 2524 603 2549 vero
640 2514 780 2549 beatum
812 2515 991 2556 facerent,
1031 2516 1062 2549 si
1089 2516 1121 2548 ei
1146 2516 1408 2559 persuaderent,
1437 2520 1476 2548 ut
1500 2517 1536 2548 in
1563 2516 1690 2549 finibus

231 2565 336 2604 atque
361 2561 539 2604 dogmatis
564 2572 586 2597 a
613 2561 771 2604 patribus
807 2562 1007 2595 constitutis
1043 2567 1278 2605 permaneret.
1337 2572 1441 2606 quum
1475 2563 1566 2595 enim
1593 2562 1690 2596 solus

230 2606 392 2644 omnibus
419 2609 588 2645 resistere
613 2618 686 2652 non
711 2613 844 2651 posset,
870 2608 931 2642 vel
956 2609 1088 2643 invitus
1126 2609 1216 2643 intra
1242 2609 1454 2643 concordiae
1475 2610 1564 2643 fines
1591 2619 1690 2642 com-

229 2653 442 2697 pelleretur,
474 2654 509 2689 id
536 2654 631 2698 quod
655 2655 898 2698 compluribus
928 2655 1008 2689 aliis
1036 2655 1106 2688 alia
1137 2658 1275 2690 ratione
1300 2656 1452 2699 aliisque
1475 2656 1690 2700 temporibus

229 2700 360 2741 amitiit
384 2705 498 2746 aitque
509 2706 591 2738 tuin>
605 2701 797 2738 nonnulli&
808 2702 995 2747 interdum,
1020 2708 1102 2741 tum-v
1116 2702 1277 2750 plurimis
1300 2704 1450 2738 maxime
1474 2703 1518 2738 ad
1541 2703 1690 2739 salutem
