1826 3120
255 117 355 169 264
654 123 951 172 mcm’uom
994 123 1299 172 GREGORAE

78 237 106 274 ί.
125 237 192 274 131
210 247 240 273 r.
255 249 324 278 σοι
364 235 438 277 καί
462 234 579 290 ἡμῶν
607 236 726 288 μέλοι
749 266 761 288 ,
809 232 866 289 μη
901 229 1144 287 ἄχθεσθαι,
1184 230 1236 275 σι)
1273 232 1311 275 δ’
1342 233 1435 276 α’λλ’
1477 234 1620 291 ε’ντελῆ
1645 250 1719 290 μοι

254 300 333 357 τὴν
362 299 529 357 ζήτησιν
557 302 663 356 δρᾶν
694 298 1038 354 προθυμηθητι.”

160 373 231 409 6⁸2
392 366 477 424 Την
515 367 566 423 δή
611 367 810 421 τοιαύτην
854 365 1001 422 ἔφεσιν
1038 368 1113 408 τοῦ
1153 367 1348 409 Λατίνου
1387 368 1521 423 μηδὲν
1562 369 1720 424 μελλή-

253 452 331 485 σας
371 432 392 476 ὅ
431 432 633 489 βασιλευς
674 435 716 482 ἐς
754 432 827 488 τὴν
867 429 1099 487 ὑστεραίαν
1139 431 1272 482 εὕθὺς
1316 434 1537 490 ἐκπληροῖ,
1585 451 1720 491 παρε-

252 501 466 550 σκευακὼς
499 500 697 554 ὁμιλῆσαι
732 501 788 556 τῷ
821 501 1044 559 Παλαμᾷ,
1077 501 1148 541 καί
1188 493 1246 541 ὧν
1286 501 1395 554 λέγει
1428 499 1553 542 αὖτὸν
1583 500 1751 557 αὐτή-5

251 583 348 609 κοον
389 569 601 621 γεγονέναι
643 564 714 608 τόν
758 569 958 608 Λατῖνον.
1046 567 1120 620 τῆς
1171 561 1245 607 οὖν
1295 565 1460 619 ὁμιλίας
1499 570 1718 623 γενομένης

249 632 403 688 μικρὸν
445 634 623 682 διαστὰς
670 636 743 675 καί
785 629 1010 683 ἀπολαβών
1055 634 1143 690 ἰδίᾳ
1185 631 1259 673 τόν
1299 635 1479 686 βασιλέα
1523 631 1544 675 ὅ
1578 637 1717 678 Λατῖ..

250 715 320 749 νος
359 698 489 742 πολλοὶ
542 702 620 752 μὲν
663 699 832 741 α’κοιῗειν
874 698 954 755 ἔφη
1009 701 1196 752 λέγοντος
1235 701 1460 754 Παλαμᾶ,
1501 700 1636 757 μάτην
1680 703 1717 744 δ’

254 762 329 808 οὖν
352 769 424 808 καί
451 762 630 808 ἄλλοθεν
676 761 783 808 ἅλλα
827 768 1165 821 συμπεφυρμένα
1205 781 1248 808 τε
1294 768 1371 809 καί
1399 770 1716 823 παρευρημένα,

255 834 312 883 αἷς
343 834 517 887 α’πορεῖν
548 833 660 888 ἡμᾶς
689 834 1006 889 ἀποφαίνεσθαι
1046 831 1219 887 πότερον
1258 836 1310 891 τῇ
1338 832 1530 889 ποιότητι
1551 833 1716 878 ,τούτων
1730 843 1774 879 10

251 895 280 956 ἢ
310 902 362 958 τῇ
392 899 592 955 ποσότητι
639 899 731 955 δοίη
760 916 821 948 τις
861 895 914 941 dlv
942 898 988 940 τὸ
1019 897 1123 954 πρὸς
1165 902 1314 941 κακίαν
1342 898 1558 955 τρόπαιον.
1617 900 1718 955 ἐζή-

253 982 352 1022 τησε
382 969 420 1008 δ”
453 960 528 1008 οὖν
564 963 675 1020 ὅμως
717 968 791 1009 τοῦ
835 966 1026 1018 Παλαμᾶ
1067 967 1364 1020 διαλεγομένου
1410 966 1484 1008 καί
1508 964 1614 1023 πρρς
1641 968 1716 1020 ἐμὲ

258 1036 387 1088 σιγῶν
418 1030 546 1083 αὐτὸς
569 1036 766 1088 γενέσθαι
801 1033 1022 1088 ἀκροατής.
1084 1031 1146 1073 διό
1184 1034 1255 1075 καί
1273 1035 1325 1090 τῇ
1347 1032 1547 1092 ὑστεραίᾳ
1578 1034 1715 1075 καλῶν

249 1102 295 1143 ἐκ
323 1102 531 1154 βασιλέως
558 1097 646 1157 ἥκει
678 1101 786 1153 κάμὲ
816 1102 990 1160 τῶν,ἐπ’
1019 1102 1203 1157 εὐγενείᾳ
1235 1102 1554 1153 σεμνυνομένων
1582 1098 1604 1140 o‘
1634 1102 1714 1153 μέ-

248 1183 325 1222 γας
355 1165 578 1223 λόγοθέτης
600 1200 611 1222 ,
656 1162 752 1222 όῖρτι
781 1169 862 1209 τῶν
888 1166 1100 1210 εἰωθότων
1129 1169 1203 1221 τῆς
1235 1168 1422 1223 κεφαλῆς
1464 1168 1712 1222 νοσημάτων
1727 1175 1769 1210 15

252 1237 305 1277 ου’
332 1238 481 1284 τελέως
525 1237 603 1288 μὲν
644 1235 961 1291 ἀπηλλαγμένον
1002 1236 1039 1276 δ’
1072 1230 1159 1293 οὖν.
1228 1232 1406 1288 κάπειδή
1439 1233 1711 1287 παρακρούε-

248 1305 354 1344 σθαι
384 1302 458 1343 οὗκ
491 1304 612 1356 ἐνῆν,
646 1300 829 1351 α’ναστάς
859 1303 1031 1360 α’πῄειν,
1061 1299 1159 1343 ὅτου
1189 1300 1320 1356 χάριν
1365 1296 1517 1355 ἥκιστα
1544 1299 1715 1342 πάντων

159 1362 334 1411 ὅθοῧτ’
355 1367 478 1418 εἰδώς
509 1363 608 1410 οὔτε
633 1368 718 1423 μὴν
748 1363 1157 1423 πολυπραγμονήσας
1183 1369 1353 1419 μαθεῖν.
1413 1363 1708 1422 προσετετάχει

245 1434 327 1491 γὰρ
373 1435 398 1490 ἧ
430 1438 598 1489 βασιλίς
622 1436 761 1490 Ἑλένη
800 1433 857 1490 μὴ
890 1436 1187 1491 προεγνῶσθαί
1211 1449 1282 1487 μοι
1321 1431 1365 1476 τό
1398 1435 1472 1488 τῆς
1500 1433 1710 1487 προσκλη-

247 1518 352 1552 σεως
378 1501 538 1556 αἴτιον,
569 1504 637 1545 ἵνα
662 1500 720 1557 μή
764 1502 843 1544 σὺν
871 1505 1021 1561 μελέτῃ
1066 1502 1205 1561 δρῴην
1244 1499 1317 1555 τὴν
1359 1495 1504 1557 ἄφιξιν
1547 1501 1621 1542 καί
1644 1509 1765 1548 τις20
1825 1541 1826 1563 ἶ

247 1570 607 1626 παρευδοκιμησις
644 1572 810 1624 γένηται
854 1571 926 1623 τῆς
965 1571 1040 1612 τοῦ
1084 1569 1279 1621 Παλαμᾶ
1323 1569 1576 1618 ἐπιδείξεως.
1635 1564 1703 1609 dui
1825 1566 1826 1583 ³

244 1635 325 1691 γοὶρ
369 1636 436 1680 τὸν
477 1634 631 1693 ἑαυτῆς
663 1641 825 1693 πατέρα
857 1637 1207 1693 Καντακουζηνὸν
1250 1639 1344 1699 λίαν
1384 1639 1456 1678 καί
1495 1633 1600 1691 αὕτη
1648 1636 1740 1693 τῷ,

113 1219 133 1240 ,.

246 1850 343 1884 cordi
371 1860 411 1884 ac
438 1860 544 1884 curae
570 1861 713 1893 sumus,
749 1862 795 1885 ne
830 1861 937 1896 aegre
973 1852 1094 1887 feret
1124 1851 1167 1884 de
1205 1849 1354 1894 reliquis
1389 1848 1583 1894 perfectam
1619 1849 1702 1883 mihi

244 1907 448 1942 proponere
473 1899 715 1943 quaestionem
741 1899 790 1932 sis
816 1904 970 1942 paratus.

376 1961 493 1995 Talem
519 1963 639 2007 itaque
664 1964 830 2008 impetum
851 1964 964 1997 Latini
990 1963 1133 1996 minime
1158 1961 1338 1995 retardans
1371 1971 1436 1994 rex
1462 1961 1497 1994 in
1524 1966 1702 2004 posterum

243 2009 335 2043 diem
361 2010 477 2043 statim
503 2010 657 2043 officium
682 2011 802 2054 explet
822 2021 934 2052 suum,
962 2021 1000 2045 se
1017 2020 1141 2054 parans
1167 2009 1209 2042 ad
1238 2007 1510 2052 colloquendum
1537 2019 1613 2041 cum
1633 2008 1701 2042 Pa-

243 2056 351 2097 lamo,
380 2057 479 2089 cuius
506 2056 680 2102 colloquii
709 2059 794 2092 dicit
817 2060 930 2102 ipsum
956 2057 1229 2091 auscultatorem
1266 2065 1344 2089 esse
1372 2055 1554 2096 Latinum;
1582 2055 1700 2089 collo-

245 2103 328 2148 quio
356 2108 471 2136 autem
499 2104 659 2138 instituto
700 2115 811 2149 prope
844 2106 976 2139 distans
1013 2110 1048 2138 et
1082 2104 1123 2137 ad
1149 2114 1189 2137 se
1223 2102 1366 2136 trahens
1393 2103 1555 2145 privatim
1581 2113 1701 2147 regem

243 2151 400 2192 Latinus,
432 2150 541 2184 multa
566 2152 704 2196 quidem
725 2153 810 2186 dicit
829 2164 867 2186 se
894 2152 1097 2197 loquentem
1125 2151 1265 2184 audisse
1279 2149 1451 2183 Palamam
1477 2150 1539 2183 sed
1567 2154 1700 2183 temere

245 2203 280 2231 et
303 2198 404 2230 modo
433 2197 502 2230 hoc
527 2199 630 2231 modo
657 2199 746 2232 illud
773 2206 807 2233 et
833 2200 952 2233 eadem
974 2199 1061 2234 haec
1084 2199 1238 2242 undique
1255 2197 1452 2240 compilata
1478 2201 1512 2229 et
1538 2206 1697 2238 corrasa3

243 2250 282 2278 ut
306 2244 489 2277 videamur
514 2246 640 2278 incerti
670 2257 761 2289 esse,
788 2252 902 2280 utrum
926 2246 1096 2292 qualitate
1129 2245 1264 2285 harum,
1291 2254 1336 2277 an
1364 2244 1558 2288 quantitate
1587 2245 1698 2288 magis

243 2292 285 2325 ad
311 2292 583 2335 perversitatem
609 2293 770 2327 stimulos
795 2295 909 2328 addat.
969 2293 1147 2338 quaesivit
1183 2296 1297 2324 autem
1335 2290 1566 2325 nihilominus
1591 2291 1696 2325 Pala-

242 2349 297 2372 ma
326 2339 525 2382 disputante
552 2341 657 2373 ctiam
683 2352 842 2383 mecum,
882 2352 964 2374 num
997 2340 1074 2384 ipse
1116 2345 1237 2373 tacens
1264 2339 1377 2371 factus
1407 2347 1519 2371 essem
1545 2338 1696 2373 auditor.

244 2396 353 2430 quare
383 2387 487 2419 etiam
516 2387 688 2430 postridie
714 2398 846 2422 vocans
876 2399 896 2421 a
931 2398 1017 2433 rege
1043 2388 1141 2421 venit
1166 2393 1201 2419 et
1225 2396 1280 2418 me
1308 2396 1413 2418 unum
1440 2396 1459 2417 e
1484 2385 1695 2420 iactantibus

244 2432 467 2466 nobilitatem
493 2435 636 2478 generis
663 2446 809 2480 magnus
837 2435 901 2469 ille
927 2435 1116 2469 verborum
1146 2434 1244 2468 fusor
1271 2437 1306 2466 et
1329 2433 1391 2466 vix
1415 2441 1471 2464 me
1497 2433 1582 2466 dicit
1606 2443 1696 2466 con..

242 2477 353 2514 sumis
383 2481 509 2524 capitis
535 2481 666 2516 morbis
700 2493 843 2527 prorsus
879 2493 959 2516 esse
984 2482 1181 2516 liberatum.
1245 2485 1279 2514 et
1311 2485 1495 2524 postquam
1529 2481 1695 2523 decipere

245 2537 322 2560 eum
351 2536 422 2560 non
441 2528 508 2560 iam
534 2527 679 2572 licebat,
704 2540 853 2575 surgens
879 2530 977 2563 abiit.
1005 2530 1104 2562 cuius
1122 2539 1183 2562 rec
1200 2528 1347 2572 gratiam
1372 2527 1515 2560 minime
1542 2527 1694 2560 omnium

242 2584 360 2618 neque
386 2574 522 2608 sciebat
544 2586 662 2620 neque
688 2578 851 2621 profecto
877 2583 916 2611 ut
941 2577 1034 2611 scire
1059 2571 1215 2610 disceret
1243 2585 1385 2618 operam
1410 2573 1524 2607 dabat.
1586 2584 1693 2618 prae..

245 2626 391 2664 ceperat
417 2622 508 2655 enim
534 2622 671 2657 Helena
695 2626 833 2669 regina,
861 2635 907 2658 ne
940 2635 961 2658 a
984 2634 1041 2657 me
1068 2628 1148 2657 ante
1172 2627 1451 2667 cognosceretur
1476 2631 1605 2664 causa,
1633 2632 1694 2655 cur

248 2668 285 2700 iu
314 2668 370 2702 ius
407 2674 618 2712 vocaretur3
650 2681 696 2705 ne
741 2682 818 2705 cum
853 2672 967 2706 studio
1001 2675 1209 2705 maturarem
1244 2670 1431 2703 adventum
1465 2673 1501 2702 et
1525 2669 1692 2713 quaedam

252 2713 441 2750 celebritas
467 2716 570 2766 fieret
596 2719 844 2755 ostentationis
868 2718 1093 2755 Palamiteae.
1151 2727 1230 2752 nam
1257 2726 1357 2761 quam
1395 2716 1441 2753 ob
1466 2725 1605 2760 causam
1628 2726 1691 2753 suo
