1826 3120
369 191 461 239 196
763 196 1060 241 NlCEPHORl
1098 196 1409 267 GREGORAE·
1462 202 1465 203 ⁷
1501 200 1505 204 ’
1559 200 1562 203 ’

365 302 625 357 ὑγιαίνοντός
668 320 709 346 τε
751 305 822 347 καί
859 311 943 354 τοῖς
984 306 1168 359 βελτιόσι
1205 309 1420 359 λογισμοῖς
1457 303 1533 354 τοὶς
1576 306 1654 347 τοῦ
1691 302 1822 346 καλοῦ

364 372 571 424 κρηπῖδας
601 370 768 424 ἔχοντος
810 371 1094 426 ἦδρασμέιας.
1165 369 1325 427 α’νοῖγκη
1370 375 1511 414 τοίνυν
1540 373 1658 413 δυοῖν
1687 369 1822 413 θάτε-

365 451 451 490 ρον,
480 434 507 490 ἡ
538 438 640 492 πρὸς
671 439 743 492 τὴν
785 438 1092 492 πατριαρχικην
1131 435 1473 515 ἐπαιεληλυθότα
1499 453 1547 481 σε
1575 439 1741 480 δίαιταν
1769 435 1819 479 τά

362 504 418 560 τῷ
449 501 588 560 θρόνῳ
620 501 822 557 α’νὴκοντα
851 505 972 558 δρᾶν,
1005 498 1029 556 ἦ
1062 501 1429 559 παραιτησάμενον
1457 503 1501 547 τὸ
1525 503 1821 581 asazoaffp’ywa3

362 567 511 623 χώραν
539 570 677 623 ε’τερον
719 571 1035 624 (ἐπεισαγαγεῖν
1062 573 1275 624 παρέχειν.
1335 565 1358 624 ἢ
1390 572 1444 612 τό
1463 587 1510 626 γε
1551 573 1712 626 τρίτον,
1742 571 1821 612 τοῦ

364 634 581 692 δράματος
611 635 728 690 λόγον
757 635 940 689 διδόντα,
985 636 1030 679 τό
1061 639 1132 692 τῆς
1163 639 1343 693 α’πορίας
1372 639 1486 681 λύειν
1517 639 1763 696 α’μφιᾛδοξον

274 712 344 746 81
496 702 620 758 Πρὸς
648 705 783 745 ταῦτα
814 703 927 745 τόνδ’
954 704 1087 753 εὐθύς
1126 705 1349 760 ὑποτρέχει
1379 708 1504 761 νέφος
1540 706 1712 759 θυμοῦ,
1751 703 1823 746 καί

363 767 547 818 α’ναστὰς
589 769 830 825 α’φορισμόν
868 771 946 823 μὲν
978 773 1163 826 ε’κφωιέΐ
1202 775 1363 825 πρῶτον
1394 774 1498 814 θεοῦ
1527 770 1633 814 κατὰ
1667 770 1820 819 παντὸς

362 829 394 892 ᾧ
426 835 527 888 πρὸς
557 835 799 891 βουλήσεως
832 834 981 880 ἄνποτε
1009 839 1166 891 γένοιτο
1189 834 1317 887 αὖθις
1347 837 1424 893 την
1443 841 1485 888 ἐς
1504 836 1583 880 -τὸν
1610 853 1818 892 πατριαρ-

357 902 482 958 χικόν
508 902 661 958 θρόνον
692 905 896 947 ἐπάνοδον
928 904 972 946 τὸ
1012 905 1210 961 παράπαν
1241 908 1354 964 αύτῷ
1395 906 1699 957 ὑποτίθεσθαι,
1728 900 1818 947 εἶτα

362 970 531 1026 μακράν
556 987 649 1013 τινα
685 973 761 1013 τοῦ
787 975 996 1025 βασιλέως
1039 978 1223 1014 ποιεῖται
1252 971 1544 1028 καταδρομήν,
1573 966 1636 1014 ὅτι
1666 971 1713 1013 τὸ
1741 973 1819 1024 μὲν

362 1054 444 1079 των
475 1036 554 1078 find
587 1043 714 1092 χεῖρα
756 1042 1018 1094 χριστιανιὸν
1045 1042 1163 1094 γένος
1200 1040 1339 1093 μισῶν
1369 1039 1424 1089 ὥς
1457 1038 1664 1093 ἐχθρούς,
1695 1037 1739 1080 τὸ
1772 1039 1819 1080 δὲ

361 1106 581 1183 βαρβαρον
621 1106 901 1157 οἰκειουμενος
945 1105 1002 1156 ὥς
1041 1105 1289 1162 φιλτάτους,
1325 1106 1512 1162 ’Υρκανῷ
1549 1106 1608 1162 τῷ
1642 1103 1820 1161 9αμβριξί

363 1187 433 1211 και
465 1176 550 1220 τοῖς
581 1170 656 1211 v'n
687 1173 827 1230 ἐκείνῳ
859 1170 1094 1227 βαρβάροις
1114 1176 1346 1228 προδίδωσι
1376 1179 1528 1227 προῖκα
1555 1169 1718 1226 νύκτωρ
1749 1173 1822 1213 καί

362 1241 461 1291 μεθ’
493 1234 669 1292 ἡμέραν,
701 1240 892 1293 καθάπερ
927 1240 1163 1295 α’γελάρχης
1186 1238 1408 1294 προβάτων
1440 1240 1584 1293 δοράς,
1614 1236 1689 1288 τιὶς
1719 1254 1819 1280 τοι*-

365 1320 446 1345 των
476 1305 638 1352 ου’σιόις.
699 1321 766 1346 και
798 1303 848 1346 τά
879 1307 952 1359 τῆς
981 1307 1143 1348 ἐκεῖθεν
1176 1307 1355 1360 ἀμοιβῆς
1383 1303 1448 1347 ὅτι
1477 1321 1615 1360 συχνα
1636 1302 1820 1358 συχνοιῖς

363 1372 446 1412 ταῖν
476 1369 544 1411 ὑπ’
576 1372 716 1428 ἐκείνῳ
758 1372 989 1426 βαρβάρων
1033 1372 1101 1414 οἴει
1126 1374 1465 1426 μεταπέμπεται,
1498 1370 1714 1428 πρόφασιν
1742 1371 1820 1424 μὲν

362 1435 465 1478 κατὰ
497 1434 643 1490 μόνον,
659 1442 732 1479 τοῦ
765 1441 974 1492 βασιλέως
1005 1440 1327 1493 Παλαιολόγου,
1357 1439 1403 1480 τὸ
1437 1441 1476 1481 δ’
1504 1440 1660 1494 α’ληθὲς
1689 1454 1822 1491 προσ-

365 1504 532 1545 τιθέναι
559 1504 631 1546 καί
675 1503 726 1545 τοὶ
753 1506 975 1557 λειπόμενα
1000 1508 1071 1560 τῆς
1100 1506 1182 1547 τῶν
1201 1503 1425 1559 Ῥωμαίων
1446 1507 1560 1555 λειάς
1579 1502 1820 1558 αὔτανδρον

363 1568 575 1625 προνομὴν
607 1568 792 1625 ἐκείνοις,
825 1571 878 1620 ὥς
912 1574 970 1621 εἰς
998 1571 1190 1628 θηριώδη
1230 1575 1501 1629 κρεωφαγίαν
1542 1570 1705 1629 σφάγια
1735 1570 1818 1612 αὕ-

364 1642 451 1685 τοΐς
492 1639 662 1690 σώμασι
696 1640 767 1679 καί
805 1638 953 1688 αὐταῖς
984 1645 1160 1693 ψυχαῖς.
1220 1639 1289 1680 καί
1314 1641 1398 1681 τῶν
1425 1636 1596 1695 ἐχθρῶν
1623 1653 1819 1693 κορεννυ-

361 1705 499 1757 μένων
527 1706 601 1759 τῆς
626 1708 799 1760 θοίνης,
847 1698 919 1748 κάἰ
957 1706 1290 1760 οἷποσειομὲνων”
1310 1703 1389 1762 ἤδη
1421 1705 1466 1749 τὸ
1510 1709 1582 1761 τῆς
1611 1704 1820 1761 ὠμότητος

361 1770 436 1812 τοῦ
465 1768 617 1826 ἀνδρὸς
647 1771 936 1828 ὑπερβάλλον,
973 1773 1044 1814 καί
1071 1773 1145 1828 την
1186 1774 1291 1830 πρὸς
1323 1772 1369 1816 τὸ
1413 1771 1630 1830 ὁμόφυλον
1657 1776 1820 1826 χλευα-

363 2006 457 2041 tibus
484 2006 646 2049 iactatur,
674 2007 717 2042 ab
744 2007 855 2043 altera
886 2008 1032 2043 forsitan
1058 2008 1247 2043 remedium
1273 2008 1433 2053 recipiat,
1463 2009 1593 2053 quippe
1618 2018 1708 2054 quae
1735 2016 1819 2043 sana

366 2056 411 2088 sit
437 2060 472 2087 et
494 2054 701 2088 melioribus
742 2056 901 2090 consiliis
936 2058 1138 2091 cons-tituta.
1198 2067 1348 2090 necesse
1373 2057 1482 2100 igitur
1511 2067 1590 2090 esse
1617 2067 1660 2090 ex
1684 2056 1818 2089 duobus

365 2102 539 2135 alterum:
567 2108 625 2135 aut
651 2104 692 2136 ad
719 2104 985 2147 patriarchicum
1014 2105 1119 2138 vitam
1145 2104 1262 2137 redire
1300 2109 1335 2136 et
1360 2114 1450 2148 quae
1478 2104 1634 2136 eiusdem
1657 2108 1819 2146 potesta-

362 2150 407 2182 tis
436 2155 554 2183 essent
581 2150 713 2193 facere,
742 2156 801 2184 aut
828 2152 989 2195 deposito
1024 2162 1170 2185 munere
1197 2152 1231 2184 in
1259 2151 1326 2184 hoc
1364 2151 1445 2184 loco
1472 2150 1620 2184 alterum
1646 2150 1818 2183 collocari

362 2197 459 2240 pati3
485 2202 545 2230 aut
570 2198 711 2230 tertium
737 2198 838 2240 illud,
863 2199 1045 2232 absentiae
1081 2200 1219 2232 ratione
1260 2198 1393 2232 reddita
1423 2197 1641 2232 difficultatis
1667 2207 1818 2241 scrupu-

359 2243 430 2277 lum
456 2244 597 2277 tollere.

492 2308 554 2342 His
589 2309 690 2342 dictis
725 2310 777 2342 ira
819 2310 932 2343 statim
967 2310 1187 2354 patriarchae
1219 2311 1368 2344 animum
1403 2310 1509 2354 cepit.
1567 2314 1601 2342 et
1637 2320 1740 2354 quum
1779 2318 1818 2343 se

361 2355 535 2388 erexisset
560 2357 707 2399 primum
734 2356 872 2390 locutus
909 2363 961 2391 est
986 2358 1029 2391 de
1055 2358 1111 2391 dei
1139 2357 1320 2400 consilio,
1347 2359 1446 2391 cuius
1475 2357 1516 2390 ad
1543 2356 1760 2390 voluntatem
1788 2357 1818 2390 si

359 2412 416 2434 res
453 2413 493 2436 ea
531 2403 744 2446 inclinaret,
783 2404 859 2437 sore
884 2410 922 2438 ut
946 2405 982 2438 in
1015 2405 1281 2448 patriarchicam
1315 2405 1433 2438 sedem
1458 2415 1497 2438 se
1522 2405 1639 2437 redire
1664 2404 1816 2437 iuberet.

358 2450 485 2483 deinde
513 2451 548 2483 in
574 2461 695 2495 regem
723 2451 953 2485 vehementer
973 2453 1135 2486 invectus
1162 2458 1227 2493 est,
1254 2452 1345 2497 quod
1372 2452 1649 2486 Christianorum
1675 2456 1817 2495 gentem

358 2496 507 2540 imperio
558 2498 707 2531 deditam
744 2504 906 2543 tanquam
944 2499 1063 2533 hostes
1096 2501 1131 2532 in
1165 2500 1246 2533 odio
1289 2499 1456 2540 haberet,
1499 2498 1663 2532 barbaros
1701 2502 1817 2531 autem

358 2548 521 2588 tanquam
571 2546 701 2579 amicos
745 2546 812 2579 sibi
864 2546 1033 2580 conclllal
1038 2552 1092 2588 et
1139 2547 1230 2591 quod
1276 2546 1440 2589 Hyrcano
1478 2555 1611 2590 genero
1657 2550 1692 2578 et
1732 2545 1816 2578 har-

356 2590 451 2625 baris
477 2593 536 2636 qui
563 2593 627 2626 sub
655 2603 697 2625 eo
718 2599 835 2626 essent
866 2595 923 2627 diu
950 2599 1127 2638 noctuque
1155 2594 1309 2628 traderet
1334 2594 1475 2627 illorum
1501 2593 1613 2634 bona3
1636 2602 1703 2625 nec
1730 2603 1816 2627 cau..

357 2648 428 2671 sam
464 2650 535 2672 non
569 2641 636 2674 nisi
674 2641 765 2683 apud
796 2640 1045 2684 Palaeologum
1072 2641 1225 2674 inveniri
1251 2651 1378 2675 revera
1416 2650 1535 2683 posse,
1563 2639 1654 2684 quod
1680 2650 1770 2684 quae
1797 2649 1816 2671 e

356 2685 592 2720 Romanorum
619 2687 745 2731 spoliis
776 2694 1005 2732 superessent
1031 2694 1242 2732 caperentur
1281 2699 1358 2721 cum
1399 2687 1598 2721 hominibus
1636 2687 1678 2720 ad
1707 2687 1815 2719 instar

354 2732 545 2768 bestiarum
570 2735 612 2769 ad
638 2735 900 2769 dilacerandum
925 2736 1074 2770 traditis.
1103 2746 1207 2780 quum
1229 2736 1349 2770 hostes
1377 2735 1544 2769 caedibus
1569 2734 1686 2768 satiati
1707 2743 1815 2767 aver-

355 2787 474 2820 sentur
499 2783 681 2818 immanem
710 2783 785 2819 eius
820 2783 1063 2822 crudelitatem
1100 2789 1136 2821 et
1160 2785 1196 2819 in
1222 2783 1382 2820 homines
1418 2782 1573 2818 eiusdem
1599 2781 1716 2829 gentis
1742 2780 1814 2817 ini-
