1800 3132
1493 147 1506 163 ’ἱ

249 161 313 210 62
643 161 938 208 NICEPHORI
975 156 1288 204 GREGORAE

251 272 428 329 φοιτῶσι
460 270 654 327 Παλαμᾷ
680 284 723 312 τε
764 271 837 311 καί
879 269 1071 324 Κοκκίνῳ
1111 266 1166 323 τῷ
1204 264 1455 319 (Ηρακλείας
1495 260 1707 320 ε’πὶσκιῖπφ
1740 259 1751 301 θ’

250 335 364 393 παρά
394 335 550 379 τούτων
577 338 732 390 μαθεῖν
761 335 1056 387 ἐναργέστερον
1094 333 1324 386 ἐξεγένετο,
1348 327 1412 384 εἴη
1441 324 1494 371 ἂν
1524 328 1633 384 ταδί,
1662 327 1707 370 ἓν
1760 333 1771 383 '1

252 406 330 458 μὲν
357 400 420 446 ὅτι
444 401 680 457 Ῥωμαϊκὴν
722 399 911 455 ἱστορίαν
941 401 1024 441 τῶν
1052 399 1276 453 γινομένων
1306 393 1500 438 ἁπάντων
1522 391 1709 449 συγγρά-
1764 386 1770 406 ⁸

254 470 383 528 φοντί
404 486 471 513 σοι
499 469 666 525 σφόδρα
701 467 925 524 φιλότιμον
956 463 1060 520 ,τόγε
1090 466 1149 513 εἷς
1175 466 1222 506 σὲ
1250 457 1361 519 ἧκον,
1386 461 1523 516 εἰκός,
1549 461 1708 516 μᾶλλον

251 539 286 579 δ’
314 538 391 579 οὐκ
418 536 528 585 εἰκὸς
558 535 647 577 ἀλλ’
678 533 849 589 α’νάγκη,
877 535 949 575 καί
980 533 1079 588 περὶ
1113 533 1195 574 τῶν
1225 530 1574 586 ἐκκλησιαστικῶν
1603 533 1758 589 συγ-5-

249 604 430 660 γράφειν
462 605 665 656 πολέμων.
723 602 786 650 τίς
819 600 900 656 γὰρ
932 601 1016 642 τῶν
1044 601 1179 653 μηδὲν
1220 597 1392 654 μηδαμῇ
1420 592 1711 652 προσηκόντων
1768 599 1772 608 ’

251 685 318 713 σοι
358 671 569 724 δημοσίων
605 664 887 723 πραγμάτων,
936 668 1068 723 φαίην
1109 667 1146 707 δ’
1191 660 1243 707 ἂν
1277 662 1364 707 ·και“
1403 662 1710 725 οἷκουμενικῶν,

253 736 541 789 αόθαιρέτους
567 735 762 789 μόχθους
800 729 1107 787 ἀναδεχόμενον
1151 735 1315 785 βλέπων
1345 746 1392 774 σε
1428 729 1563 787 δόξηςι
1589 729 1712 772 ἕνεκα

256 802 327 844 διὰ
354 805 429 858 γῆς
459 804 731 857 πλανωμένης
769 803 841 842 καί
881 799 924 842 τὸ
960 797 1074 854 ἴχνος
1104 801 1176 841 ἐηί
1210 799 1378 854 σαθροῦ
1406 795 1517 848 τινὸς
1545 796 1618 840 καί
1643 790 1714 838 'vd-'‘-
1754 850 1765 863 ν

254 873 336 912 θου
367 868 500 924 φάναι
537 869 684 917 κλέους
724 865 994 923 ἑρειδοάσης,
1040 866 1109 908 ἵνα
1151 863 1313 921 δηλαδὴ
1348 864 1506 918 μεστὸν
1532 863 1795 922 σεαυτοῦ1οχ

255 935 326 980 τὸν
355 934 505 992 ἐφεξῆς
534 934 772 992 ’καταλίπῃς
801 936 959 988 αἰῶνα,
1005 930 1193 988 ὖποψιάς
1230 933 1371 989 α’θῷον
1403 931 1575 989 άφέἴναι
1604 926 1712 973 ἀνά-

255 1018 415 1058 σχοιτο,
440 1000 512 1044 καὶ
536 1004 644 1057 μηδὲ
675 1003 815 1043 πᾶσαν
838 999 1025 1043 ἐνταῦθα
1054 1002 1215 1054 μᾶλλον
1239 997 1366 1054 ἰσχύν
1386 997 1643 1041 uara-‘hcm'
1665 1013 1713 1040 σε

256 1071 496 1113 σπουδάσαι
528 1072 740 1122 λογίσαιτο
778 1068 913 1123 λόγων
942 1069 1026 1110 τῶν
1055 1070 1152 1123 σῶν,
1181 1069 1252 1110 ἵνα
1282 1065 1355 1118 καί
1377 1067 1473 1123 τοὺς
1500 1065 1714 1117 κλύδωνας

195 1128 202 1132 ¹
256 1139 340 1180 τῶν
368 1138 552 1190 πατρίων
580 1134 809 1191 δογμάτων,
845 1133 944 1178 ὅσον
977 1132 1159 1192 ἐφικτόν,
1189 1133 1258 1181 διά
1293 1133 1427 1189 πάσης
1457 1129 1714 1189 δημοσιεῦσῃ

259 1206 332 1259 τῆς
356 1205 624 1259 οἰκουμένης,
655 1205 727 1244 καί
754 1199 843 1255 ἅμα
875 1201 973 1251 τούς
1001 1201 1102 1250 σούς
1131 1199 1238 1256 ὑπὲρ
1266 1198 1423 1243 τούτων
1452 1199 1616 1257 α’γῶνας
1647 1199 1717 1240 ἒν-
1731 1192 1778 1246 15

260 1270 389 1329 δείξῃ,
421 1274 494 1312 καί
514 1267 587 1320 οὒς
619 1270 686 1312 ἀεὶ
714 1268 818 1324 πρὸς
850 1270 931 1311 τῶν
961 1268 1194 1318 κακοδόξων
1223 1266 1442 1318 κινδύνους
1471 1265 1716 1323 ἐφίστασαι,

261 1339 538 1380 παντοδαπῶν
570 1335 801 1388 α’πόζοιτας
834 1334 1038 1378 θανάτων.
1069 1333 1113 1378 ἓν
1147 1337 1223 1389 μὲν
1254 1334 1303 1389 δὴ
1332 1330 1407 1377 οὖν
1432 1336 1554 1377 τοῦτο
1587 1335 1719 1390 φασίν

261 1404 395 1448 αἴτιον
421 1407 494 1447 τοῦ
515 1394 641 1459 γε’δὴ
671 1405 752 1447 τῶν
780 1399 917 1445 ἄλλων
948 1405 1106 1456 μᾶλλον
1134 1401 1242 1445 κατὰ
1273 1404 1352 1444 σοῦ
1383 1403 1590 1457 κινεῖσθαι
1620 1399 1720 1450 τους

263 1472 527 1524 ἀντιθέτους,
554 1472 627 1514 καί
663 1471 859 1514 τοιούτων
889 1486 956 1513 σοι
988 1472 1183 1526 διηνεκῶς
1221 1469 1494 1521 συσκευάζειν
1522 1467 1721 1511 θανάτων

849 1534 867 1550 ΙἹ

173 1551 246 1584 86
264 1541 498 1595 κρατῆρας,
533 1535 724 1593 δεύτερον
771 1539 808 1579 δ’
845 1554 910 1579 οτι
954 1539 1037 1580 τῶν
1079 1531 1489 1601 ἄλλωνγάφρόντιδα
1527 1536 1621 1589 βίον
1651 1535 1778 1580 uultu)

264 1603 456 1661 ἄμοχθον
499 1604 603 1648 οἴκοι
632 1606 951 1661 διατριβόντων,
990 1606 1064 1645 οὐκ
1110 1604 1277 1659 η’μέλεις
1305 1600 1434 1658 ζήλου
1462 1601 1514 1646 σύ
1547 1602 1620 1645 καί
1643 1605 1723 1645 θο-
1751 1637 1753 1639 .

265 1673 397 1730 ρύβου
437 1672 594 1723 παντὸς
627 1674 845 1727 ἐμπιπλῶν
886 1671 935 1714 τά
973 1673 1192 1726 βασίλεια,
1232 1672 1307 1714 νῦν
1349 1668 1449 1727 μέν,
1490 1667 1564 1720 οὒς
1599 1671 1723 1725 εὐγέ-

268 1893 385 1923 tantes
411 1885 601 1921 dilucidius
634 1886 677 1920 ab
706 1886 793 1931 ipsis
818 1897 876 1921 res
905 1896 1124 1932 cognoscere
1149 1891 1325 1931 poterant,
1355 1886 1461 1929 hasce
1486 1886 1563 1922 fere
1599 1896 1721 1923 causas

269 1935 440 1969 afferuntz
466 1934 614 1978 primum
641 1935 801 1979 quidem,
829 1935 922 1979 quod
948 1935 1012 1968 tibi
1041 1934 1222 1968 historiam
1248 1935 1438 1968 Romanam
1474 1935 1627 1971 omnium
1660 1946 1722 1969 re..

268 1993 357 2024 rum,
383 1992 474 2026 quae
500 1986 682 2026 geruntur,
710 1987 876 2026 quantum
899 1982 935 2015 in
962 1987 998 2015 te
1024 1987 1100 2024 cst,
1128 1983 1313 2016 ambitioso
1341 1982 1455 2016 studio
1485 1982 1723 2017 conscribenti

273 2034 547 2063 consentaneum
571 2029 631 2063 vel
657 2030 776 2073 potius
802 2031 1043 2063 necessarium
1069 2031 1140 2071 sit,
1182 2030 1286 2063 etiam
1311 2030 1354 2064 de
1381 2029 1630 2064 certaminibus
1658 2040 1722 2063 ec..

270 2076 481 2111 clesiasticis
513 2087 705 2121 exponere.
731 2078 809 2125 quis
836 2078 940 2118 enim,
968 2077 1026 2121 qui
1052 2077 1239 2111 molestum
1262 2088 1319 2111 res
1347 2076 1521 2120 publicas,
1551 2087 1641 2122 quae
1653 2078 1722 2111 mi-

269 2125 363 2159 nime
388 2123 431 2157 ad
455 2129 490 2156 te
511 2126 703 2170 pertinent,
730 2129 765 2157 et
787 2134 899 2168 prope
923 2125 1070 2158 dixerim
1095 2129 1169 2157 toto
1196 2124 1281 2158 orbe
1305 2130 1473 2158 terrarum
1488 2130 1607 2170 gestas
1633 2134 1722 2158 con..

271 2171 447 2207 scribendi
472 2170 628 2206 laborem
654 2177 690 2205 te
716 2171 808 2205 ultro
843 2172 1095 2215 suscipientem
1129 2172 1249 2205 videat
1283 2171 1420 2216 gloriae
1458 2182 1562 2206 causa
1594 2178 1723 2208 terram

270 2219 500 2264 pervagantis
527 2225 563 2253 et
587 2219 778 2262 vestigium
804 2219 924 2263 putida
950 2220 1096 2264 quadam
1125 2225 1179 2262 et,
1219 2224 1257 2252 ut
1280 2220 1330 2252 ita
1357 2220 1493 2262 dicam,
1527 2219 1724 2254 adulterata

273 2267 363 2301 fama
388 2266 584 2309 innitentis,
609 2267 769 2300 nimirum
799 2272 837 2299 ut
862 2266 978 2300 futura
1003 2266 1146 2301 saecula
1171 2273 1231 2300 tua
1256 2266 1373 2310 gloria
1398 2267 1504 2310 plena
1527 2267 1722 2312 relinquas,

271 2319 307 2347 te
333 2313 537 2356 suspicione
564 2314 714 2347 liberum
739 2314 857 2347 sinere
885 2314 1072 2348 sustinebit
1097 2325 1215 2359 neque
1239 2315 1355 2358 potius
1384 2324 1521 2348 omnem
1542 2316 1612 2349 vim
1637 2321 1722 2349 tuo-

272 2371 348 2395 rum
373 2361 564 2395 verborum
594 2362 629 2394 in
656 2371 698 2394 eo
723 2366 758 2394 te
784 2372 921 2406 ponere
945 2361 1183 2404 arbitrabitur,
1210 2367 1248 2395 ut
1274 2362 1377 2394 etiam
1402 2367 1628 2407 tempestates
1655 2373 1722 2408 pa-

271 2409 420 2441 triorum
446 2409 656 2453 dogmatum,
687 2415 851 2454 quantum
875 2409 953 2442 fieri
979 2410 1104 2452 possit,
1130 2419 1194 2453 per
1221 2414 1331 2442 totum
1358 2409 1478 2443 orbem
1503 2410 1651 2455 evulges
1670 2411 1722 2444 si-

272 2455 416 2499 mulque
447 2460 506 2488 tua
535 2456 726 2489 certamina
751 2466 815 2500 pro
839 2457 882 2490 iis
915 2462 1079 2500 suscepta
1106 2461 1212 2500 atque
1239 2456 1419 2500 pericula,
1449 2467 1569 2491 omnes
1593 2463 1723 2491 mortes

275 2502 485 2545 redolentia,
510 2503 554 2536 ab
578 2503 747 2547 improbis
772 2504 836 2537 tibi
863 2514 1002 2547 semper
1029 2505 1198 2538 intentata
1235 2503 1430 2538 ostendas?
1486 2505 1583 2539 Hanc
1620 2515 1725 2538 unam

277 2555 356 2583 esse
386 2560 525 2583 causam
553 2551 686 2592 dicunt,
699 2557 844 2595 propter
872 2561 973 2595 quam
1004 2552 1196 2586 adversarii
1224 2552 1260 2584 in
1286 2557 1321 2584 te
1346 2551 1606 2595 vehementius,
1624 2562 1725 2597 quam

275 2597 311 2629 in
337 2596 509 2640 reliquos,
537 2599 673 2631 incitati
700 2599 771 2632 sint
794 2599 929 2643 tibique
955 2604 1127 2642 perpetuo
1152 2598 1333 2632 mortifera
1356 2598 1486 2642 pocula
1510 2603 1725 2644 comparent.
1750 2607 1753 2608 ⁷

275 2643 388 2677 altera
415 2654 520 2677 causa
546 2646 740 2689 est‚¹quod,
767 2646 847 2680 aliis
876 2646 967 2680 domi
997 2647 1103 2680 vitam
1131 2656 1289 2680 securam
1316 2651 1350 2679 et
1375 2647 1559 2680 socordem
1583 2645 1726 2693 agenti-

277 2690 354 2732 bus,
380 2696 418 2724 tu
442 2702 514 2724 non
545 2693 708 2727 cessabas
739 2693 819 2727 zelo
850 2699 885 2727 et
910 2693 1021 2727 turbis
1048 2693 1207 2728 omnibus
1232 2693 1381 2737 implere
1406 2694 1595 2738 palatium,
1621 2703 1726 2740 quum

273 2739 416 2785 generis
441 2739 628 2776 nobilitate
654 2747 689 2776 et
716 2741 877 2777 fortunae
888 2741 1190 2778 vicissitudinibus
1212 2746 1355 2778 ornatos
1380 2742 1565 2789 splendide
1590 2741 1725 2790 patrios
