1826 3120
302 205 603 250 nrs‘romAE
628 203 976 249 BYzANTmAE
1001 207 1148 250 xxix.
1171 195 1423 249 30-33,
1509 196 1608 248 245

130 312 246 372 ἔχειν
274 315 383 370 ἀέρα
417 316 545 370 πνοῆς
581 315 859 372 ἀκραιφνοῦς.
927 316 1033 374 ἀκοῇ
1062 316 1099 357 δ’
1126 309 1241 369 ὅμως
1271 314 1402 374 ὀλίγῳ
1434 309 1612 368 ὕστερον

132 380 418 438 παρειληφότι
451 381 524 425 ἕνα
547 384 622 426 καί
643 383 770 425 αὐτὸν
799 378 979 437 εἶναι’με
1007 386 1091 426 τῶν
1121 382 1294 426 εἰδότων
1313 387 1608 435 συμπέπτωκε,

131 447 396 503 παμπόλλων
433 445 537 506 ἧδη’
559 448 603 492 τὸ
638 451 813 505 πρᾶγμα
842 452 914 492 καί
955 451 1137 509 δημοσίᾳ
1166 448 1479 506 θρυλλούντων.
1540 449 1608 492 διὸ

130 517 218 560 ταῖν
258 517 383 560 ου’δὲν
428 518 602 577 ου’δαμῇ
633 533 680 573 γε
722 516 954 560 ἀπεικότων
984 517 1152 572 ἔδοξεν,
1194 518 1293 560 ου’δὲ
1335 519 1411 559 τοῦ
1455 519 1612 573 καιροῦ

96 584 205 628 5καὶ
242 587 317 641 τῆς
345 589 495 640 χρείας
531 584 593 635 ὥς
633 587 924 640 πορρωτάτω,
965 589 1016 644 τῇ
1046 586 1212 644 ἱστορίᾳ
1260 586 1333 627 καί
1374 581 1501 626 τοῦτό
1534 600 1610 638 μοι

129 655 483 710 συνυφανθῆναι,
515 650 690 708 ἔλεγχον
730 655 810 706 μὲν
842 655 994 710 κομιδῇ
1025 655 1223 709 προφανῆ
1254 653 1424 706 κομίζον
1453 653 1610 693 θεόθεν

130 717 234 762 κατὰ
265 723 341 776 τῆς
368 722 454 763 τ’ὥν
483 719 671 774 δζωκτῶν
702 719 931 772 ἀπονοίας,
965 719 1211 763 παντάπασι
1240 721 1279 762 δ’
1305 721 1531 776 ἀκίβδηλον
1560 715 1606 760 τὸ

129 788 212 840 τῶν
230 789 501 841 διωκομένων
527 788 648 844 ἡμῶν
675 784 916 843 ἀποφαῖνον
945 786 1158 843 σύστημα.

265 855 463 914 Φιλοθέῳ
509 855 591 910 γὰρ
643 856 702 912 τῷ
747 856 939 912 Κοκκίνῳ
976 857 1209 909 τηνικαῦτα
1251 855 1608 911 πατριαρχεύοντι
1626 869 1699 903 88

31 930 33 932 ’
76 921 288 976 1οἔδοξεν,
319 919 461 978 ὥσπερ
493 921 671 978 ἕρμαιον
717 921 793 963 τὸν
824 921 976 977 καιρὸν
1003 918 1239 976 ἦρπακότι,
1268 921 1610 978 μηχανήσασθαί

129 1007 179 1034 τι
200 990 305 1047 πρὸς
332 985 541 1032 σύστασιν
567 994 643 1045 τῆς
672 990 886 1046 σφετέρας
917 989 1056 1031 αὐτῶν
1083 992 1327 1045 παλαμικῆς
1358 991 1608 1040 πολυθεΐας.

131 1057 323 1115 πλήθους
365 1053 440 1101 οὖν
482 1058 770 1112 ἠθροισμένου
819 1055 1070 1110 παμπόλλου
1117 1059 1201 1099 τῶν
1240 1059 1283 1100 έν
1324 1060 1501 1112 ἀγοραῖς
1538 1060 1611 1100 καί

130 1125 317 1182 τριόδοις
345 1126 705 1179 καλινδουμένων,
730 1123 834 1175 στὰς
863 1126 933 1182 ἐφ’
962 1123 1134 1180 ὑψηλοῦ
1158 1123 1329 1180 “χρεα5ν
1359 1125 1496 1178 ὖμᾶς”
1525 1142 1611 1182 φη-

130 1194 225 1248 σίν,
246 1188 312 1236 “013
354 1187 506 1249 ἄνδρες
542 1191 586 1236 τε
616 1193 689 1236 καί
715 1198 910 1249 γυναῖκες
949 1193 1022 1234 καί
1049 1196 1174 1235 τέκνα
1206 1179 1350 1249 νήπια,
1393 1190 1452 1248 μῆ
1486 1196 1609 1244 θειάς

77 1258 237 1305 15ἇνευ
268 1261 468 1318 προνοίας
516 1259 683 1304 οἴεσθαι
726 1261 804 1317 τὴν
846 1263 921 1303 τοῦ
949 1260 1071 1303 θείου
1119 1261 1242 1303 τοῦδε
1282 1246 1489 1314 λειψάνου
1522 1266 1611 1311 τοῖς

131 1328 331 1394 ἕνεστῶσι
361 1332 562 1385 γενέσθαι
590 1334 752 1384 καιροῖς
782 1331 1047 1385 ἐμφάνειαν,
1093 1328 1182 1371 ἀλλ’
1223 1328 1292 1371 ἵνα
1321 1327 1365 1371 τὸ
1396 1332 1610 1378 πλείστοις

131 1396 204 1439 διὰ
235 1395 312 1452 τήν
349 1397 431 1439 τῶν
473 1397 709 1440 ἀντιθέτων
751 1394 842 1451 ἔριν
883 1396 1262 1453 ἀμφισβητήσιμον
1308 1398 1495 1451 ἐμφανὲς
1539 1397 1613 1438 καί

131 1467 269 1522 σαφὲς
297 1465 501 1523 καταστῇ,
529 1463 604 1507 καί
629 1462 842 1518 γνώριμον
868 1467 1042 1519 γένηται
1073 1465 1178 1506 πᾶσι
1208 1466 1296 1513 πῶς
1323 1465 1401 1517 μὲν
1431 1461 1476 1505 τὸ
1509 1467 1610 1505 πολ·

0 1560 5 1572 ι
64 1537 70 1540 ’
132 1532 210 1583 2024-
239 1549 358 1583 τινας
386 1534 526 1587 σέβειν
557 1531 670 1587 ἡμᾶς
697 1533 911 1587 ἐνεργείας
938 1532 1158 1581 ἀκτίστους
1189 1534 1260 1573 καί
1291 1530 1530 1586 ἀνουσιόυς,
1563 1527 1614 1580 ἃς

74 1607 122 1644 20
133 1603 207 1643 καί
234 1599 436 1657 θεότητας
454 1593 875 1656 ’ἀνουσιοῦφειμένας
889 1602 963 1655 τῆς
988 1601 1109 1649 θείας
1135 1590 1347 1652 καλοῦμεν
1367 1598 1518 1648 ου’σίας
1543 1597 1618 1641 καί

136 1667 374 1726 διαφόρους
396 1668 525 1722 αὐτῆς
543 1683 586 1710 τε
608 1666 683 1709 καί
710 1663 917 1722 ἀλλήλων,
951 1667 1179 1723 ἀκιβδηλόν
1204 1668 1247 1709 τέ
1278 1668 1367 1709 ἐστι
1391 1665 1464 1707 καί
1489 1666 1615 1708 εὕσε-
1684 1696 1710 1716 ,

138 1735 238 1792 βές,
281 1733 306 1790 ἡ
338 1736 385 1778 δὲ
413 1736 503 1777 'rozir
538 1733 771 1776 ἀντιθέτων
813 1736 911 1776 καθ’
944 1733 1064 1790 ἡμῶν
1112 1735 1303 1788 λοιδορία
1330 1731 1512 1785 μα’ταιος
1542 1733 1616 1774 καί

135 1804 465 1860 κατεγνωσμένη.
535 1799 626 1845 ἔστι
666 1803 746 1873 μέν
773 1797 847 1844 οὖν
885 1801 1113 1845 κάντεῦθεν
1152 1801 1227 1844 οὐκ
1275 1797 1432 1857 ἄδηλον
1461 1800 1508 1842 τὸ
1540 1802 1615 1855 τῆς

137 1997 277 2044 qeidem
313 2001 452 2042 tempus
488 1997 622 2042 integri
655 1995 786 2031 liceret
819 1997 871 2030 uti
910 1997 1003 2030 aeris
1037 1995 1289 2039 respiratione.
1353 1979 1458 2028 faffdo
1496 1997 1615 2028 tamen

137 2045 261 2091 pauilo
287 2050 370 2089 post
397 2055 502 2090 quum
526 2055 600 2078 rem
637 2046 858 2089 accepissem
898 2044 1028 2078 accidit
1061 2049 1099 2077 ut
1132 2053 1223 2076 unus
1247 2048 1295 2076 et
1332 2041 1430 2075 solus
1466 2051 1534 2086 ego
1571 2052 1616 2075 ex

137 2094 183 2128 iis
209 2103 339 2136 essem,
370 2093 430 2137 qui
461 2093 544 2137 quid
579 2093 709 2127 factum
739 2098 835 2126 esset
862 2097 1030 2126 tenerent
1057 2090 1243 2136 permultis
1284 2091 1352 2123 iam
1379 2100 1453 2123 rem
1484 2095 1519 2123 et
1543 2100 1614 2133 pu..

137 2141 233 2175 biice
259 2140 543 2186 divulgantibus.
594 2146 813 2186 quapropter
838 2140 960 2174 harum
994 2150 1112 2173 rerum
1142 2144 1179 2172 ut
1217 2137 1502 2182 improbabilium
1522 2136 1615 2170 nihil

138 2188 216 2223 ullo
242 2188 346 2222 modo
372 2188 534 2233 placuit3
558 2199 677 2233 neque
704 2189 818 2222 visum
848 2193 902 2221 est
927 2198 946 2221 a
980 2187 1151 2231 temporis
1178 2187 1317 2220 ratione
1338 2190 1372 2219 et
1397 2185 1616 2218 necessitate

138 2236 295 2271 alienum
326 2246 406 2270 esse
435 2235 585 2270 historia
611 2238 716 2271 etiam
746 2236 815 2270 hoc
843 2235 1068 2280 perscribere
1098 2234 1191 2279 quod
1221 2239 1256 2267 et
1281 2234 1530 2267 documentum
1557 2232 1615 2266 di-

140 2284 274 2318 vinitus
299 2284 490 2329 praeberet
512 2285 838 2319 manifestissimum
866 2283 1059 2317 vecordiae
1084 2287 1352 2327 persecutorum
1378 2286 1414 2315 et
1441 2281 1616 2314 sinceram

139 2332 283 2365 omnino
308 2337 507 2366 nostrarum
533 2333 741 2367 iniuriarum
769 2332 1027 2365 enarrationem
1053 2330 1252 2364 exhiberet.

273 2395 464 2431 Philotheo
491 2397 583 2431 enim
604 2397 760 2432 Coccino
787 2402 872 2430 tunc
898 2395 1069 2439 temporis
1095 2394 1319 2440 patriarchae
1344 2399 1508 2438 tanquam
1535 2393 1616 2426 ido..

138 2454 243 2479 neam
267 2449 394 2478 nactus
421 2450 518 2479 esset
543 2446 846 2489 opportunitatem
873 2443 992 2477 moliri
1023 2444 1106 2488 quid
1133 2443 1240 2477 libuit
1265 2443 1307 2476 ad
1333 2441 1617 2475 constituendam

140 2502 238 2527 sunm
264 2492 420 2537 ipsorum
448 2492 657 2537 palamicam
683 2492 903 2538 polytheam.
974 2491 1200 2525 multitudine
1237 2491 1347 2535 igitur
1372 2499 1500 2534 magna
1526 2499 1618 2522 con..

141 2545 288 2586 gregata
315 2549 435 2573 eorum
463 2541 524 2585 qui
550 2541 586 2574 in
613 2540 690 2575 foro
719 2546 754 2574 et
770 2541 887 2574 triviis
909 2544 1107 2581 versantur,
1134 2544 1230 2573 stans
1251 2539 1287 2572 in
1310 2538 1391 2571 loco
1408 2537 1618 2581 superiore:

140 2597 293 2622 necesse
322 2593 388 2630 est,
417 2587 545 2634 inquit,
576 2598 641 2623 vos
667 2589 750 2632 viri,
776 2588 946 2621 mulieres
962 2587 1153 2629 ‚iniantes
1178 2596 1251 2620 non
1277 2587 1355 2620 sine
1381 2586 1503 2619 divina
1529 2593 1617 2628 pro-

141 2635 302 2670 videntia
327 2635 479 2669 credatis
507 2635 633 2670 saetam
660 2647 740 2671 esse
766 2641 958 2680 praesente
984 2639 1144 2679 tempore
1181 2634 1304 2668 harum
1331 2634 1528 2667 divinarum
1554 2642 1616 2665 re-

141 2683 331 2729 liquiarum
357 2682 632 2726 revelationem,
662 2684 724 2719 sed
753 2689 791 2717 ut
817 2684 910 2727 quod
938 2688 1084 2727 propter
1116 2682 1400 2717 adversariorum
1435 2681 1617 2723 discepta-

141 2731 276 2764 tionem
301 2729 444 2764 dubium
471 2736 526 2765 est
549 2732 773 2766 manifestum
800 2731 861 2765 fiat
887 2736 922 2764 et
945 2730 1087 2775 planum
1114 2735 1220 2775 atque
1245 2729 1290 2764 ab
1316 2728 1478 2763 omnibus
1505 2727 1618 2761 intel..

142 2777 276 2824 ligatur
300 2777 408 2823 quale
442 2778 488 2812 sit
512 2778 602 2813 illud
647 2780 739 2825 quod
782 2779 931 2813 colimus
968 2778 1096 2812 multas
1123 2778 1334 2812 efficientias
1373 2777 1549 2809 increatas
1576 2785 1618 2808 ac

146 2825 367 2860 substantiae
386 2831 559 2872 expertes
595 2837 681 2874 quas
708 2828 846 2862 easdem
877 2826 1089 2862 efficientias
1125 2824 1446 2860 insubstantialiter
1469 2824 1618 2857 dicimus
