<?xml version="1.0" encoding="UTF-8"?>
<!DOCTYPE html PUBLIC "-//W3C//DTD XHTML 1.0 Transitional//EN"
    "http://www.w3.org/TR/xhtml1/DTD/xhtml1-transitional.dtd">
<html xmlns="http://www.w3.org/1999/xhtml" xml:lang="en" lang="en">
 <head>
  <title>
</title>
<meta http-equiv="Content-Type" content="text/html;charset=utf-8" />
  <meta name='ocr-system' content='tesseract 3.04.00' />
  <meta name='ocr-capabilities' content='ocr_page ocr_carea ocr_par ocr_line ocrx_word'/>
</head>
<body>
  <div class='ocr_page' id='page_1' title='image "./corpusscriptorum40niebuoft_0228.png"; bbox 0 0 1826 3120; ppageno 0'>
   <div class='ocr_carea' id='block_1_1' title="bbox 112 811 262 847">
    <p class='ocr_par' dir='ltr' id='par_1_1' title="bbox 112 811 262 847">
     <span class='ocr_line' id='line_1_1' title="bbox 112 811 262 847; baseline -0.007 0"><span class='ocrx_word' id='word_1_1' title='bbox 112 811 138 847; x_wconf 78' lang='lat' dir='ltr'><em>f.</em></span> <span class='ocrx_word' id='word_1_2' title='bbox 156 811 221 847; x_wconf 84' lang='lat'><em>116</em></span> <span class='ocrx_word' id='word_1_3' title='bbox 233 821 262 846; x_wconf 87' lang='lat' dir='ltr'><em>r.</em></span> 
     </span>
    </p>
   </div>
   <div class='ocr_carea' id='block_1_2' title="bbox 278 170 1598 220">
    <p class='ocr_par' dir='ltr' id='par_1_2' title="bbox 278 170 1598 220">
     <span class='ocr_line' id='line_1_2' title="bbox 278 170 1598 220; baseline -0.004 -1"><span class='ocrx_word' id='word_1_4' title='bbox 278 170 375 219; x_wconf 80' lang='lat'><em>216</em></span> <span class='ocrx_word' id='word_1_5' title='bbox 680 171 981 217; x_wconf 80' lang='lat' dir='ltr'>NICEPHORI</span> <span class='ocrx_word' id='word_1_6' title='bbox 1022 170 1326 217; x_wconf 76' lang='lat' dir='ltr'>GREGORAE</span> <span class='ocrx_word' id='word_1_7' title='bbox 1480 183 1482 186; x_wconf 78' lang='grc'>’</span> <span class='ocrx_word' id='word_1_8' title='bbox 1551 182 1554 184; x_wconf 75' lang='grc'>’</span> <span class='ocrx_word' id='word_1_9' title='bbox 1570 182 1574 189; x_wconf 74' lang='grc'><strong><em>’</em></strong></span> <span class='ocrx_word' id='word_1_10' title='bbox 1590 180 1598 220; x_wconf 77' lang='lat' dir='ltr'><em>t,</em></span> 
     </span>
    </p>
   </div>
   <div class='ocr_carea' id='block_1_3' title="bbox 276 277 1799 1930">
    <p class='ocr_par' dir='ltr' id='par_1_3' title="bbox 276 277 1795 1198">
     <span class='ocr_line' id='line_1_3' title="bbox 279 277 1735 340; baseline 0.001 -16"><span class='ocrx_word' id='word_1_11' title='bbox 279 280 416 334; x_wconf 79' lang='grc' dir='ltr'><em>πίζειν</em></span> <span class='ocrx_word' id='word_1_12' title='bbox 449 282 626 323; x_wconf 80' lang='grc' dir='ltr'><em>δύναται</em></span> <span class='ocrx_word' id='word_1_13' title='bbox 670 277 775 335; x_wconf 81' lang='grc' dir='ltr'><em>πρὸς</em></span> <span class='ocrx_word' id='word_1_14' title='bbox 812 277 863 321; x_wconf 75' lang='grc' dir='ltr'><em>τὰ</em></span> <span class='ocrx_word' id='word_1_15' title='bbox 895 280 978 320; x_wconf 76' lang='grc' dir='ltr'><em>τῶν</em></span> <span class='ocrx_word' id='word_1_16' title='bbox 1007 278 1221 333; x_wconf 75' lang='grc' dir='ltr'><em>ἁμαρτιῶν</em></span> <span class='ocrx_word' id='word_1_17' title='bbox 1267 280 1585 338; x_wconf 73' lang='grc' dir='ltr'><em>ἀρρωστήματα</em></span> <span class='ocrx_word' id='word_1_18' title='bbox 1610 299 1735 340; x_wconf 82' lang='grc' dir='ltr'><em>στερ-</em></span> 
     </span>
     <span class='ocr_line' id='line_1_4' title="bbox 281 344 1732 405; baseline 0.002 -15"><span class='ocrx_word' id='word_1_19' title='bbox 281 365 366 402; x_wconf 88' lang='grc' dir='ltr'><em>ρως</em></span> <span class='ocrx_word' id='word_1_20' title='bbox 395 348 662 403; x_wconf 79' lang='grc' dir='ltr'><em>ἧδρασμένην</em></span> <span class='ocrx_word' id='word_1_21' title='bbox 691 344 838 400; x_wconf 66' lang='grc' dir='ltr'><em>ψυχὶν</em></span> <span class='ocrx_word' id='word_1_22' title='bbox 867 346 910 387; x_wconf 83' lang='grc' dir='ltr'><em>ἐν</em></span> <span class='ocrx_word' id='word_1_23' title='bbox 942 346 999 400; x_wconf 78' lang='grc' dir='ltr'><em>τῷ</em></span> <span class='ocrx_word' id='word_1_24' title='bbox 1023 346 1125 403; x_wconf 76' lang='grc' dir='ltr'><em>θείῳ</em></span> <span class='ocrx_word' id='word_1_25' title='bbox 1149 345 1269 405; x_wconf 77' lang='grc' dir='ltr'><em>φόβῳ</em></span> <span class='ocrx_word' id='word_1_26' title='bbox 1291 347 1363 389; x_wconf 81' lang='grc' dir='ltr'>καί</span> <span class='ocrx_word' id='word_1_27' title='bbox 1387 349 1442 405; x_wconf 78' lang='grc' dir='ltr'><em>τῷ</em></span> <span class='ocrx_word' id='word_1_28' title='bbox 1467 350 1540 403; x_wconf 82' lang='grc' dir='ltr'><em>τῆς</em></span> <span class='ocrx_word' id='word_1_29' title='bbox 1570 349 1732 404; x_wconf 68' lang='grc' dir='ltr'><em>ὑγιείας</em></span> 
     </span>
     <span class='ocr_line' id='line_1_5' title="bbox 281 406 1736 496; baseline -0.001 -40"><span class='ocrx_word' id='word_1_30' title='bbox 281 415 438 496; x_wconf 86' lang='grc' dir='ltr'><em>ταύτης</em></span> <span class='ocrx_word' id='word_1_31' title='bbox 467 413 584 467; x_wconf 89' lang='grc' dir='ltr'><em>μα’λα</em></span> <span class='ocrx_word' id='word_1_32' title='bbox 615 413 858 469; x_wconf 79' lang='grc' dir='ltr'><em>α’κραιφνεῖ.</em></span> <span class='ocrx_word' id='word_1_33' title='bbox 888 412 961 453; x_wconf 82' lang='grc' dir='ltr'><em>καί</em></span> <span class='ocrx_word' id='word_1_34' title='bbox 989 426 1130 465; x_wconf 88' lang='grc' dir='ltr'><em>ωσπερ</em></span> <span class='ocrx_word' id='word_1_35' title='bbox 1164 411 1241 453; x_wconf 80' lang='grc' dir='ltr'><em>ούκ</em></span> <span class='ocrx_word' id='word_1_36' title='bbox 1265 406 1316 455; x_wconf 76' lang='grc' dir='ltr'><em>ἂν</em></span> <span class='ocrx_word' id='word_1_37' title='bbox 1343 411 1430 456; x_wconf 76' lang='grc' dir='ltr'><em>ἔδει</em></span> <span class='ocrx_word' id='word_1_38' title='bbox 1458 420 1542 465; x_wconf 73' lang='grc' dir='ltr'><em>τοῖς</em></span> <span class='ocrx_word' id='word_1_39' title='bbox 1561 415 1736 472; x_wconf 72' lang='grc' dir='ltr'><em>α’νθραὲ..</em></span> 
     </span>
     <span class='ocr_line' id='line_1_6' title="bbox 279 477 1736 536; baseline 0.002 -14"><span class='ocrx_word' id='word_1_40' title='bbox 279 497 371 529; x_wconf 84' lang='grc' dir='ltr'><strong><em>ποις</em></strong></span> <span class='ocrx_word' id='word_1_41' title='bbox 394 482 597 536; x_wconf 81' lang='grc' dir='ltr'><em>ιατρικῆς,</em></span> <span class='ocrx_word' id='word_1_42' title='bbox 627 482 668 522; x_wconf 87' lang='grc' dir='ltr'><em>ει</em></span> <span class='ocrx_word' id='word_1_43' title='bbox 691 477 751 533; x_wconf 76' lang='grc' dir='ltr'><em>μή</em></span> <span class='ocrx_word' id='word_1_44' title='bbox 784 477 967 531; x_wconf 79' lang='grc' dir='ltr'><strong><em>ἐνόσουν,</em></strong></span> <span class='ocrx_word' id='word_1_45' title='bbox 997 493 1133 527; x_wconf 89' lang='grc' dir='ltr'><em>ουτως</em></span> <span class='ocrx_word' id='word_1_46' title='bbox 1155 480 1254 521; x_wconf 78' lang='grc' dir='ltr'><em>ουδὲ</em></span> <span class='ocrx_word' id='word_1_47' title='bbox 1270 482 1482 536; x_wconf 73' lang='grc' dir='ltr'><strong><em>μαντικῆς,</em></strong></span> <span class='ocrx_word' id='word_1_48' title='bbox 1509 483 1550 524; x_wconf 81' lang='grc' dir='ltr'><em>εἰ</em></span> <span class='ocrx_word' id='word_1_49' title='bbox 1563 481 1622 536; x_wconf 80' lang='grc' dir='ltr'><em>μὴ</em></span> <span class='ocrx_word' id='word_1_50' title='bbox 1646 488 1736 533; x_wconf 79' lang='grc' dir='ltr'><em>ταῖς</em></span> 
     </span>
     <span class='ocr_line' id='line_1_7' title="bbox 279 542 1768 603; baseline 0.001 -14"><span class='ocrx_word' id='word_1_51' title='bbox 279 549 591 603; x_wconf 68' lang='grc' dir='ltr'><em>σφαλλομένους</em></span> <span class='ocrx_word' id='word_1_52' title='bbox 621 547 942 599; x_wconf 80' lang='grc' dir='ltr'><em>ἐγκυβιστωντες</em></span> <span class='ocrx_word' id='word_1_53' title='bbox 972 543 1125 599; x_wconf 84' lang='grc' dir='ltr'><em>τύχαις</em></span> <span class='ocrx_word' id='word_1_54' title='bbox 1155 542 1422 602; x_wconf 78' lang='grc' dir='ltr'><em>ἢμοὲρτανον,</em></span> <span class='ocrx_word' id='word_1_55' title='bbox 1452 549 1526 590; x_wconf 80' lang='grc' dir='ltr'>καί</span> <span class='ocrx_word' id='word_1_56' title='bbox 1553 547 1768 599; x_wconf 78' lang='grc' dir='ltr'><em>δεδιότες5</em></span> 
     </span>
     <span class='ocr_line' id='line_1_8' title="bbox 281 610 1737 668; baseline 0 -13"><span class='ocrx_word' id='word_1_57' title='bbox 281 614 481 655; x_wconf 76' lang='grc' dir='ltr'><em>ἐντεῦθεν</em></span> <span class='ocrx_word' id='word_1_58' title='bbox 509 610 553 654; x_wconf 80' lang='grc' dir='ltr'><em>τὰ</em></span> <span class='ocrx_word' id='word_1_59' title='bbox 584 614 735 664; x_wconf 82' lang='grc' dir='ltr'><em>μέλλον</em></span> <span class='ocrx_word' id='word_1_60' title='bbox 767 612 932 666; x_wconf 76' lang='grc' dir='ltr'><em>ἐρωτᾶν</em></span> <span class='ocrx_word' id='word_1_61' title='bbox 969 610 1248 666; x_wconf 79' lang='grc' dir='ltr'><em>ἠναγκάζοντο</em></span> <span class='ocrx_word' id='word_1_62' title='bbox 1276 611 1374 662; x_wconf 75' lang='grc' dir='ltr'><em>τοὺς</em></span> <span class='ocrx_word' id='word_1_63' title='bbox 1402 611 1478 668; x_wconf 70' lang='grc' dir='ltr'><em>τὴν</em></span> <span class='ocrx_word' id='word_1_64' title='bbox 1509 628 1737 668; x_wconf 85' lang='grc' dir='ltr'><em>στοχαστι-</em></span> 
     </span>
     <span class='ocr_line' id='line_1_9' title="bbox 281 675 1737 736; baseline 0.002 -17"><span class='ocrx_word' id='word_1_65' title='bbox 281 676 355 733; x_wconf 74' lang='grc' dir='ltr'><em>κὴν</em></span> <span class='ocrx_word' id='word_1_66' title='bbox 384 676 454 719; x_wconf 76' lang='grc' dir='ltr'><em>διὰ</em></span> <span class='ocrx_word' id='word_1_67' title='bbox 484 680 660 732; x_wconf 78' lang='grc' dir='ltr'><em>μακρῶν</em></span> <span class='ocrx_word' id='word_1_68' title='bbox 688 675 1007 732; x_wconf 79' lang='grc' dir='ltr'><em>οἶκριβιόσαντας</em></span> <span class='ocrx_word' id='word_1_69' title='bbox 1030 679 1111 719; x_wconf 80' lang='grc' dir='ltr'><em>τῶν</em></span> <span class='ocrx_word' id='word_1_70' title='bbox 1127 677 1289 719; x_wconf 78' lang='grc' dir='ltr'><em>αἰώνων</em></span> <span class='ocrx_word' id='word_1_71' title='bbox 1310 679 1530 734; x_wconf 79' lang='grc' dir='ltr'><em>δαίμονας,</em></span> <span class='ocrx_word' id='word_1_72' title='bbox 1563 679 1737 736; x_wconf 77' lang='grc' dir='ltr'><em>ἄνθροό-</em></span> 
     </span>
     <span class='ocr_line' id='line_1_10' title="bbox 281 742 1735 824; baseline 0.001 -39"><span class='ocrx_word' id='word_1_73' title='bbox 281 761 370 785; x_wconf 87' lang='grc' dir='ltr'><em>πων</em></span> <span class='ocrx_word' id='word_1_74' title='bbox 397 746 477 796; x_wconf 85' lang='grc' dir='ltr'><em>μὲν</em></span> <span class='ocrx_word' id='word_1_75' title='bbox 504 746 688 824; x_wconf 51' lang='grc' dir='ltr'><em>μᾶλλον,</em></span> <span class='ocrx_word' id='word_1_76' title='bbox 732 742 932 785; x_wconf 78' lang='grc' dir='ltr'><em>ἁπάντων</em></span> <span class='ocrx_word' id='word_1_77' title='bbox 974 744 1012 785; x_wconf 78' lang='grc' dir='ltr'><em>δ’</em></span> <span class='ocrx_word' id='word_1_78' title='bbox 1052 744 1286 797; x_wconf 72' lang='grc' dir='ltr'><em>εὐστόχους</em></span> <span class='ocrx_word' id='word_1_79' title='bbox 1327 744 1381 786; x_wconf 83' lang='grc' dir='ltr'><em>ου’</em></span> <span class='ocrx_word' id='word_1_80' title='bbox 1406 745 1523 799; x_wconf 80' lang='grc' dir='ltr'><em>μάλα</em></span> <span class='ocrx_word' id='word_1_81' title='bbox 1549 747 1735 799; x_wconf 78' lang='grc' dir='ltr'><em>μᾶλλον·</em></span> 
     </span>
     <span class='ocr_line' id='line_1_11' title="bbox 279 807 1736 890; baseline 0.002 -39"><span class='ocrx_word' id='word_1_82' title='bbox 279 808 386 858; x_wconf 82' lang='grc' dir='ltr'><em>ὶδοις</em></span> <span class='ocrx_word' id='word_1_83' title='bbox 416 809 497 865; x_wconf 85' lang='grc' dir='ltr'><em>γὰρ</em></span> <span class='ocrx_word' id='word_1_84' title='bbox 532 808 582 852; x_wconf 78' lang='grc' dir='ltr'><em>ἂν</em></span> <span class='ocrx_word' id='word_1_85' title='bbox 612 809 827 859; x_wconf 82' lang='grc' dir='ltr'><em>κοῖκείνους</em></span> <span class='ocrx_word' id='word_1_86' title='bbox 857 809 902 851; x_wconf 83' lang='grc' dir='ltr'><em>τὸ</em></span> <span class='ocrx_word' id='word_1_87' title='bbox 925 814 1114 851; x_wconf 75' lang='grc' dir='ltr'><em>πλεῖστον</em></span> <span class='ocrx_word' id='word_1_88' title='bbox 1134 807 1191 858; x_wconf 75' lang='grc' dir='ltr'><em>ὥς</em></span> <span class='ocrx_word' id='word_1_89' title='bbox 1218 811 1263 852; x_wconf 80' lang='grc' dir='ltr'><em>ἐν</em></span> <span class='ocrx_word' id='word_1_90' title='bbox 1264 813 1516 890; x_wconf 77' lang='grc' dir='ltr'><em>μεταιχμίῳ</em></span> <span class='ocrx_word' id='word_1_91' title='bbox 1533 812 1736 868; x_wconf 78' lang='grc' dir='ltr'><em>ῥιπτοῦν-</em></span> 
     </span>
     <span class='ocr_line' id='line_1_12' title="bbox 278 870 1795 934; baseline 0.002 -15"><span class='ocrx_word' id='word_1_92' title='bbox 278 892 351 925; x_wconf 89' lang='grc' dir='ltr'><em>τας</em></span> <span class='ocrx_word' id='word_1_93' title='bbox 377 875 421 918; x_wconf 87' lang='grc' dir='ltr'><em>τὸ</em></span> <span class='ocrx_word' id='word_1_94' title='bbox 452 875 692 930; x_wconf 80' lang='grc' dir='ltr'><em>μάντευμα.</em></span> <span class='ocrx_word' id='word_1_95' title='bbox 751 875 804 918; x_wconf 80' lang='grc' dir='ltr'><em>τοί</em></span> <span class='ocrx_word' id='word_1_96' title='bbox 818 892 860 918; x_wconf 82' lang='grc' dir='ltr'><em>τε</em></span> <span class='ocrx_word' id='word_1_97' title='bbox 886 892 964 931; x_wconf 84' lang='grc' dir='ltr'><em>γαρ</em></span> <span class='ocrx_word' id='word_1_98' title='bbox 997 870 1103 917; x_wconf 87' lang='grc' dir='ltr'><em>αλλα</em></span> <span class='ocrx_word' id='word_1_99' title='bbox 1133 893 1202 918; x_wconf 90' lang='grc' dir='ltr'><em>και</em></span> <span class='ocrx_word' id='word_1_100' title='bbox 1232 875 1302 919; x_wconf 87' lang='grc' dir='ltr'><em>τὸν</em></span> <span class='ocrx_word' id='word_1_101' title='bbox 1316 872 1462 933; x_wconf 53' lang='lat' dir='ltr'><em>“Alam</em></span> <span class='ocrx_word' id='word_1_102' title='bbox 1491 881 1612 934; x_wconf 80' lang='grc' dir='ltr'><em>φησί,</em></span> <span class='ocrx_word' id='word_1_103' title='bbox 1642 879 1738 921; x_wconf 83' lang='grc' dir='ltr'><em>δια-</em></span> <span class='ocrx_word' id='word_1_104' title='bbox 1752 888 1795 925; x_wconf 83' lang='grc'><em>10</em></span> 
     </span>
     <span class='ocr_line' id='line_1_13' title="bbox 276 938 1739 999; baseline 0.001 -14"><span class='ocrx_word' id='word_1_105' title='bbox 276 941 358 998; x_wconf 78' lang='grc' dir='ltr'><em>βοὶς</em></span> <span class='ocrx_word' id='word_1_106' title='bbox 387 943 572 998; x_wconf 76' lang='grc' dir='ltr'><em>μεγάλην</em></span> <span class='ocrx_word' id='word_1_107' title='bbox 605 941 743 999; x_wconf 73' lang='grc' dir='ltr'><em>α’ρχῆν</em></span> <span class='ocrx_word' id='word_1_108' title='bbox 774 942 1053 996; x_wconf 79' lang='grc' dir='ltr'><em>καταλύσεις,</em></span> <span class='ocrx_word' id='word_1_109' title='bbox 1089 938 1182 984; x_wconf 74' lang='grc' dir='ltr'><em>οὗθ’</em></span> <span class='ocrx_word' id='word_1_110' title='bbox 1214 942 1361 985; x_wconf 79' lang='grc' dir='ltr'><em>ὁποίαν</em></span> <span class='ocrx_word' id='word_1_111' title='bbox 1391 943 1626 999; x_wconf 80' lang='grc' dir='ltr'><em>α’ποσαφῶν</em></span> <span class='ocrx_word' id='word_1_112' title='bbox 1655 946 1739 999; x_wconf 79' lang='grc' dir='ltr'><em>οἶμ-</em></span> 
     </span>
     <span class='ocr_line' id='line_1_14' title="bbox 279 1005 1740 1068; baseline 0.002 -17"><span class='ocrx_word' id='word_1_113' title='bbox 279 1015 390 1065; x_wconf 86' lang='grc' dir='ltr'><em>φοῖν,</em></span> <span class='ocrx_word' id='word_1_114' title='bbox 422 1005 514 1051; x_wconf 75' lang='grc' dir='ltr'><em>ουθ’</em></span> <span class='ocrx_word' id='word_1_115' title='bbox 545 1006 609 1051; x_wconf 91' lang='grc' dir='ltr'><em>ότι</em></span> <span class='ocrx_word' id='word_1_116' title='bbox 627 1011 682 1068; x_wconf 80' lang='grc' dir='ltr'><em>τῶ</em></span> <span class='ocrx_word' id='word_1_117' title='bbox 712 1011 918 1063; x_wconf 73' lang='grc' dir='ltr'><em>ἐρωτῶντι</em></span> <span class='ocrx_word' id='word_1_118' title='bbox 944 1011 1116 1063; x_wconf 87' lang='grc' dir='ltr'><em>βέβαιον</em></span> <span class='ocrx_word' id='word_1_119' title='bbox 1148 1009 1172 1064; x_wconf 82' lang='grc' dir='ltr'><em>ἡ</em></span> <span class='ocrx_word' id='word_1_120' title='bbox 1204 1009 1418 1064; x_wconf 78' lang='grc' dir='ltr'><em>διάβασις,</em></span> <span class='ocrx_word' id='word_1_121' title='bbox 1446 1006 1539 1052; x_wconf 76' lang='grc' dir='ltr'><em>ἀλλ’</em></span> <span class='ocrx_word' id='word_1_122' title='bbox 1570 1012 1611 1054; x_wconf 85' lang='grc' dir='ltr'><em>εἰ</em></span> <span class='ocrx_word' id='word_1_123' title='bbox 1642 1013 1740 1054; x_wconf 85' lang='grc' dir='ltr'><em>δια-</em></span> 
     </span>
     <span class='ocr_line' id='line_1_15' title="bbox 277 1074 1736 1131; baseline 0.002 -14"><span class='ocrx_word' id='word_1_124' title='bbox 277 1074 358 1130; x_wconf 77' lang='grc' dir='ltr'><em>βοὶς</em></span> <span class='ocrx_word' id='word_1_125' title='bbox 388 1075 522 1130; x_wconf 85' lang='grc' dir='ltr'><em>τύχοι.</em></span> <span class='ocrx_word' id='word_1_126' title='bbox 580 1078 651 1117; x_wconf 89' lang='grc' dir='ltr'><em>καί</em></span> <span class='ocrx_word' id='word_1_127' title='bbox 685 1076 820 1131; x_wconf 88' lang='grc' dir='ltr'><em>μυρία</em></span> <span class='ocrx_word' id='word_1_128' title='bbox 861 1077 1037 1117; x_wconf 82' lang='grc' dir='ltr'><em>τοιαῦτα</em></span> <span class='ocrx_word' id='word_1_129' title='bbox 1067 1080 1150 1124; x_wconf 74' lang='grc' dir='ltr'><em>τοῖς</em></span> <span class='ocrx_word' id='word_1_130' title='bbox 1190 1091 1236 1130; x_wconf 86' lang='grc' dir='ltr'><em>γε</em></span> <span class='ocrx_word' id='word_1_131' title='bbox 1262 1077 1506 1130; x_wconf 37' lang='grc' dir='ltr'><em>κσχολοέζειν</em></span> <span class='ocrx_word' id='word_1_132' title='bbox 1542 1076 1736 1131; x_wconf 77' lang='grc' dir='ltr'><em>ούμάλα</em></span> 
     </span>
     <span class='ocr_line' id='line_1_16' title="bbox 280 1142 811 1198; baseline 0.002 -16"><span class='ocrx_word' id='word_1_133' title='bbox 280 1144 472 1186; x_wconf 76' lang='grc' dir='ltr'><em>ὀκνοῦσιν</em></span> <span class='ocrx_word' id='word_1_134' title='bbox 503 1142 714 1198; x_wconf 86' lang='grc' dir='ltr'><em>ευρίκοιτο</em></span> <span class='ocrx_word' id='word_1_135' title='bbox 745 1159 811 1184; x_wconf 92' lang='grc' dir='ltr'><em>αν.</em></span> 
     </span>
    </p>

    <p class='ocr_par' dir='ltr' id='par_1_4' title="bbox 281 1207 1799 1930">
     <span class='ocr_line' id='line_1_17' title="bbox 416 1207 1796 1265; baseline 0.001 -13"><span class='ocrx_word' id='word_1_136' title='bbox 416 1209 509 1252; x_wconf 71' lang='grc' dir='ltr'><em>Καὶ</em></span> <span class='ocrx_word' id='word_1_137' title='bbox 533 1208 591 1263; x_wconf 81' lang='grc' dir='ltr'><em>μή</em></span> <span class='ocrx_word' id='word_1_138' title='bbox 609 1224 683 1263; x_wconf 90' lang='grc' dir='ltr'><em>μοι</em></span> <span class='ocrx_word' id='word_1_139' title='bbox 713 1211 805 1264; x_wconf 90' lang='grc' dir='ltr'><em>λέγε</em></span> <span class='ocrx_word' id='word_1_140' title='bbox 839 1207 1055 1264; x_wconf 87' lang='grc' dir='ltr'><em>προγόνων</em></span> <span class='ocrx_word' id='word_1_141' title='bbox 1084 1208 1295 1265; x_wconf 79' lang='grc' dir='ltr'><em>ἁμαρτίας</em></span> <span class='ocrx_word' id='word_1_142' title='bbox 1325 1211 1378 1252; x_wconf 80' lang='grc' dir='ltr'><em>δι’</em></span> <span class='ocrx_word' id='word_1_143' title='bbox 1409 1208 1462 1260; x_wconf 68' lang='grc' dir='ltr'><em>ἃς</em></span> <span class='ocrx_word' id='word_1_144' title='bbox 1494 1212 1575 1254; x_wconf 74' lang='grc' dir='ltr'><em>τῶν</em></span> <span class='ocrx_word' id='word_1_145' title='bbox 1604 1228 1741 1255; x_wconf 85' lang='grc' dir='ltr'><em>κακων</em></span> <span class='ocrx_word' id='word_1_146' title='bbox 1754 1219 1796 1254; x_wconf 84' lang='grc'><em>15</em></span> 
     </span>
     <span class='ocr_line' id='line_1_18' title="bbox 282 1272 1740 1355; baseline 0.002 -37"><span class='ocrx_word' id='word_1_147' title='bbox 282 1276 441 1319; x_wconf 74' lang='grc' dir='ltr'><em>ἐκεῖθεν</em></span> <span class='ocrx_word' id='word_1_148' title='bbox 487 1275 704 1355; x_wconf 82' lang='grc' dir='ltr'><em>ἤργμένων</em></span> <span class='ocrx_word' id='word_1_149' title='bbox 761 1272 910 1330; x_wconf 80' lang='grc' dir='ltr'><em>ἥκιστα</em></span> <span class='ocrx_word' id='word_1_150' title='bbox 959 1274 1172 1318; x_wconf 79' lang='grc' dir='ltr'><em>δύνασθαι</em></span> <span class='ocrx_word' id='word_1_151' title='bbox 1217 1275 1290 1318; x_wconf 86' lang='grc' dir='ltr'><em>τόν</em></span> <span class='ocrx_word' id='word_1_152' title='bbox 1342 1275 1501 1331; x_wconf 80' lang='grc' dir='ltr'><em>εἱρμών</em></span> <span class='ocrx_word' id='word_1_153' title='bbox 1536 1277 1740 1321; x_wconf 69' lang='grc' dir='ltr'><em>ια’ναλύειν</em></span> 
     </span>
     <span class='ocr_line' id='line_1_19' title="bbox 282 1341 1741 1400; baseline 0.001 -15"><span class='ocrx_word' id='word_1_154' title='bbox 282 1345 436 1385; x_wconf 79' lang='grc' dir='ltr'><em>ἐκεῖνον</em></span> <span class='ocrx_word' id='word_1_155' title='bbox 466 1344 562 1391; x_wconf 83' lang='grc' dir='ltr'><em>τοὺς</em></span> <span class='ocrx_word' id='word_1_156' title='bbox 592 1342 825 1396; x_wconf 73' lang='grc' dir='ltr'><em>ἀπογόνους</em></span> <span class='ocrx_word' id='word_1_157' title='bbox 841 1373 853 1392; x_wconf 89' lang='grc'><strong><em>,</em></strong></span> <span class='ocrx_word' id='word_1_158' title='bbox 883 1359 951 1383; x_wconf 88' lang='grc' dir='ltr'><em>και</em></span> <span class='ocrx_word' id='word_1_159' title='bbox 981 1342 1056 1396; x_wconf 74' lang='grc' dir='ltr'><em>τὴν</em></span> <span class='ocrx_word' id='word_1_160' title='bbox 1087 1342 1246 1384; x_wconf 83' lang='grc' dir='ltr'><em>ἐκείνου</em></span> <span class='ocrx_word' id='word_1_161' title='bbox 1278 1343 1354 1384; x_wconf 77' lang='grc' dir='ltr'><em>τοῦ</em></span> <span class='ocrx_word' id='word_1_162' title='bbox 1390 1341 1600 1400; x_wconf 76' lang='grc' dir='ltr'><em>ῥεύματος</em></span> <span class='ocrx_word' id='word_1_163' title='bbox 1640 1345 1741 1386; x_wconf 82' lang='grc' dir='ltr'><em>ἀνα-</em></span> 
     </span>
     <span class='ocr_line' id='line_1_20' title="bbox 281 1407 1738 1465; baseline 0 -13"><span class='ocrx_word' id='word_1_164' title='bbox 281 1411 463 1452; x_wconf 83' lang='grc' dir='ltr'><em>στέλλειν</em></span> <span class='ocrx_word' id='word_1_165' title='bbox 494 1407 631 1463; x_wconf 79' lang='grc' dir='ltr'><em>φοράν</em></span> <span class='ocrx_word' id='word_1_166' title='bbox 662 1425 707 1450; x_wconf 81' lang='grc' dir='ltr'><em>τε</em></span> <span class='ocrx_word' id='word_1_167' title='bbox 732 1408 805 1450; x_wconf 79' lang='grc' dir='ltr'>καί</span> <span class='ocrx_word' id='word_1_168' title='bbox 834 1407 1176 1451; x_wconf 78' lang='grc' dir='ltr'><em>δυναστεύουσαν</em></span> <span class='ocrx_word' id='word_1_169' title='bbox 1203 1410 1548 1464; x_wconf 73' lang='grc' dir='ltr'><em>αυ’τοκρατοριάν.’</em></span> <span class='ocrx_word' id='word_1_170' title='bbox 1581 1408 1738 1465; x_wconf 77' lang='grc' dir='ltr'><em>ἄπαγε·</em></span> 
     </span>
     <span class='ocr_line' id='line_1_21' title="bbox 281 1471 1743 1531; baseline 0.001 -13"><span class='ocrx_word' id='word_1_171' title='bbox 281 1477 437 1530; x_wconf 81' lang='grc' dir='ltr'><em>σκῆψις</em></span> <span class='ocrx_word' id='word_1_172' title='bbox 465 1477 599 1517; x_wconf 78' lang='grc' dir='ltr'><em>ταῦτα</em></span> <span class='ocrx_word' id='word_1_173' title='bbox 628 1477 785 1529; x_wconf 78' lang='grc' dir='ltr'><em>σαθρά.</em></span> <span class='ocrx_word' id='word_1_174' title='bbox 855 1476 906 1516; x_wconf 82' lang='grc' dir='ltr'><em>ου’</em></span> <span class='ocrx_word' id='word_1_175' title='bbox 947 1473 1027 1529; x_wconf 74' lang='grc' dir='ltr'><em>γάρ</em></span> <span class='ocrx_word' id='word_1_176' title='bbox 1061 1471 1205 1524; x_wconf 70' lang='grc' dir='ltr'><em>ἄδικος</em></span> <span class='ocrx_word' id='word_1_177' title='bbox 1238 1475 1261 1516; x_wconf 80' lang='grc' dir='ltr'>ὅ</span> <span class='ocrx_word' id='word_1_178' title='bbox 1297 1477 1416 1529; x_wconf 78' lang='grc' dir='ltr'><em>θεός,</em></span> <span class='ocrx_word' id='word_1_179' title='bbox 1445 1478 1516 1518; x_wconf 78' lang='grc' dir='ltr'><em>ἵνα</em></span> <span class='ocrx_word' id='word_1_180' title='bbox 1547 1476 1621 1531; x_wconf 82' lang='grc' dir='ltr'><em>τὴν</em></span> <span class='ocrx_word' id='word_1_181' title='bbox 1650 1474 1743 1520; x_wconf 72' lang='grc' dir='ltr'><em>ἐτέ-</em></span> 
     </span>
     <span class='ocr_line' id='line_1_22' title="bbox 283 1538 1799 1602; baseline 0.001 -19"><span class='ocrx_word' id='word_1_182' title='bbox 283 1558 368 1596; x_wconf 88' lang='grc' dir='ltr'><em>ρων</em></span> <span class='ocrx_word' id='word_1_183' title='bbox 399 1541 555 1583; x_wconf 82' lang='grc' dir='ltr'><em>ἔκτισιν</em></span> <span class='ocrx_word' id='word_1_184' title='bbox 586 1539 768 1598; x_wconf 72' lang='grc' dir='ltr'><em>ἑτέρωσε</em></span> <span class='ocrx_word' id='word_1_185' title='bbox 810 1545 1067 1598; x_wconf 80' lang='grc' dir='ltr'><em>παραπέμπῃ</em></span> <span class='ocrx_word' id='word_1_186' title='bbox 1115 1543 1188 1584; x_wconf 78' lang='grc' dir='ltr'><em>καί</em></span> <span class='ocrx_word' id='word_1_187' title='bbox 1229 1538 1368 1584; x_wconf 72' lang='grc' dir='ltr'><em>ἄλλων</em></span> <span class='ocrx_word' id='word_1_188' title='bbox 1405 1539 1550 1592; x_wconf 79' lang='grc' dir='ltr'><em>ἄλλοις</em></span> <span class='ocrx_word' id='word_1_189' title='bbox 1577 1545 1799 1602; x_wconf 53' lang='grc' dir='ltr'><em>παρέχῃῖξ)</em></span> 
     </span>
     <span class='ocr_line' id='line_1_23' title="bbox 283 1603 1741 1666; baseline 0.001 -16"><span class='ocrx_word' id='word_1_190' title='bbox 283 1606 473 1656; x_wconf 83' lang='grc' dir='ltr'><em>κολάσεις</em></span> <span class='ocrx_word' id='word_1_191' title='bbox 503 1607 662 1656; x_wconf 73' lang='grc' dir='ltr'><em>ἁπλαῖς.</em></span> <span class='ocrx_word' id='word_1_192' title='bbox 720 1608 812 1649; x_wconf 73' lang='grc' dir='ltr'><em>ἀλλ’·</em></span> <span class='ocrx_word' id='word_1_193' title='bbox 837 1603 983 1661; x_wconf 73' lang='grc' dir='ltr'><em>ὅμοιον</em></span> <span class='ocrx_word' id='word_1_194' title='bbox 1015 1605 1067 1649; x_wconf 64' lang='grc' dir='ltr'><em>οῗν</em></span> <span class='ocrx_word' id='word_1_195' title='bbox 1096 1606 1160 1664; x_wconf 85' lang='grc' dir='ltr'><em>εἴη</em></span> <span class='ocrx_word' id='word_1_196' title='bbox 1190 1603 1331 1663; x_wconf 74' lang='grc' dir='ltr'><em>ὥσπερ</em></span> <span class='ocrx_word' id='word_1_197' title='bbox 1362 1605 1415 1652; x_wconf 73' lang='grc' dir='ltr'><em>οἲν</em></span> <span class='ocrx_word' id='word_1_198' title='bbox 1446 1608 1491 1652; x_wconf 86' lang='grc' dir='ltr'><em>εἴ</em></span> <span class='ocrx_word' id='word_1_199' title='bbox 1510 1625 1574 1660; x_wconf 87' lang='grc' dir='ltr'><em>τις</em></span> <span class='ocrx_word' id='word_1_200' title='bbox 1603 1608 1741 1666; x_wconf 85' lang='grc' dir='ltr'><em>φλόγα</em></span> 
     </span>
     <span class='ocr_line' id='line_1_24' title="bbox 283 1673 1741 1731; baseline 0.001 -15"><span class='ocrx_word' id='word_1_201' title='bbox 283 1673 413 1730; x_wconf 88' lang='grc' dir='ltr'><em>πυρὸς</em></span> <span class='ocrx_word' id='word_1_202' title='bbox 452 1678 708 1728; x_wconf 83' lang='grc' dir='ltr'><em>κατασβέσαι</em></span> <span class='ocrx_word' id='word_1_203' title='bbox 747 1675 1005 1729; x_wconf 83' lang='grc' dir='ltr'><em>πειρώμενος</em></span> <span class='ocrx_word' id='word_1_204' title='bbox 1044 1675 1241 1717; x_wconf 69' lang='grc' dir='ltr'><em>τάναντία</em></span> <span class='ocrx_word' id='word_1_205' title='bbox 1281 1680 1368 1724; x_wconf 82' lang='grc' dir='ltr'><em>τοῖς</em></span> <span class='ocrx_word' id='word_1_206' title='bbox 1404 1673 1542 1731; x_wconf 76' lang='grc' dir='ltr'><em>ἔργοις</em></span> <span class='ocrx_word' id='word_1_207' title='bbox 1588 1678 1741 1731; x_wconf 82' lang='grc' dir='ltr'><em>ποιοίη,</em></span> 
     </span>
     <span class='ocr_line' id='line_1_25' title="bbox 284 1736 1742 1799; baseline 0.002 -17"><span class='ocrx_word' id='word_1_208' title='bbox 284 1740 413 1791; x_wconf 76' lang='grc' dir='ltr'><em>αὕτός</em></span> <span class='ocrx_word' id='word_1_209' title='bbox 444 1756 488 1784; x_wconf 77' lang='grc' dir='ltr'><em>τε</em></span> <span class='ocrx_word' id='word_1_210' title='bbox 515 1741 602 1783; x_wconf 76' lang='grc' dir='ltr'><em>ἀντ’</em></span> <span class='ocrx_word' id='word_1_211' title='bbox 630 1736 768 1783; x_wconf 78' lang='grc' dir='ltr'><em>ἄλλων</em></span> <span class='ocrx_word' id='word_1_212' title='bbox 797 1744 1054 1797; x_wconf 86' lang='grc' dir='ltr'><em>σβεστηρίων</em></span> <span class='ocrx_word' id='word_1_213' title='bbox 1085 1741 1278 1784; x_wconf 76' lang='grc' dir='ltr'><em>ἁπάντων</em></span> <span class='ocrx_word' id='word_1_214' title='bbox 1307 1744 1540 1798; x_wconf 86' lang='grc' dir='ltr'><em>φακέλλους</em></span> <span class='ocrx_word' id='word_1_215' title='bbox 1571 1742 1742 1799; x_wconf 81' lang='grc' dir='ltr'><em>φρυγά-</em></span> 
     </span>
     <span class='ocr_line' id='line_1_26' title="bbox 285 1808 1739 1865; baseline 0.002 -17"><span class='ocrx_word' id='word_1_216' title='bbox 285 1823 367 1849; x_wconf 87' lang='grc' dir='ltr'><em>νων</em></span> <span class='ocrx_word' id='word_1_217' title='bbox 401 1809 605 1857; x_wconf 78' lang='grc' dir='ltr'><em>ἐπιτιθείς</em></span> <span class='ocrx_word' id='word_1_218' title='bbox 646 1809 719 1849; x_wconf 82' lang='grc' dir='ltr'><strong><em>καί</em></strong></span> <span class='ocrx_word' id='word_1_219' title='bbox 750 1808 970 1863; x_wconf 82' lang='grc' dir='ltr'><em>α’μφορέας</em></span> <span class='ocrx_word' id='word_1_220' title='bbox 1013 1809 1158 1850; x_wconf 78' lang='grc' dir='ltr'><em>ε’λαιόυ</em></span> <span class='ocrx_word' id='word_1_221' title='bbox 1204 1810 1530 1865; x_wconf 81' lang='grc' dir='ltr'><em>προσεπιφέρων</em></span> <span class='ocrx_word' id='word_1_222' title='bbox 1559 1808 1663 1851; x_wconf 73' lang='grc' dir='ltr'><em>κατά</em></span> <span class='ocrx_word' id='word_1_223' title='bbox 1693 1809 1739 1851; x_wconf 85' lang='grc' dir='ltr'><em>τὸ</em></span> 
     </span>
     <span class='ocr_line' id='line_1_27' title="bbox 288 1868 1797 1930; baseline 0.003 -16"><span class='ocrx_word' id='word_1_224' title='bbox 288 1875 608 1928; x_wconf 80' lang='grc' dir='ltr'><em>δαψιλέστερον,</em></span> <span class='ocrx_word' id='word_1_225' title='bbox 640 1871 713 1915; x_wconf 77' lang='grc' dir='ltr'><strong><em>καί</em></strong></span> <span class='ocrx_word' id='word_1_226' title='bbox 734 1872 904 1929; x_wconf 80' lang='grc' dir='ltr'><em>σφόδρα</em></span> <span class='ocrx_word' id='word_1_227' title='bbox 940 1868 1093 1924; x_wconf 71' lang='grc' dir='ltr'><em>ἄλλους</em></span> <span class='ocrx_word' id='word_1_228' title='bbox 1131 1872 1306 1915; x_wconf 87' lang='grc' dir='ltr'><em>κατόπιν</em></span> <span class='ocrx_word' id='word_1_229' title='bbox 1343 1875 1485 1924; x_wconf 83' lang='grc' dir='ltr'><em>ἰόντας</em></span> <span class='ocrx_word' id='word_1_230' title='bbox 1523 1875 1656 1930; x_wconf 80' lang='grc' dir='ltr'><em>κινοίη</em></span> <span class='ocrx_word' id='word_1_231' title='bbox 1686 1873 1737 1918; x_wconf 73' lang='grc' dir='ltr'><em>τὰ</em></span> <span class='ocrx_word' id='word_1_232' title='bbox 1752 1889 1797 1924; x_wconf 82' lang='lat'><em>25</em></span> 
     </span>
    </p>
   </div>
   <div class='ocr_carea' id='block_1_4' title="bbox 282 2001 1740 2789">
    <p class='ocr_par' dir='ltr' id='par_1_5' title="bbox 283 2001 1739 2327">
     <span class='ocr_line' id='line_1_28' title="bbox 286 2001 1738 2048; baseline -0.001 -12"><span class='ocrx_word' id='word_1_233' title='bbox 286 2002 446 2037; x_wconf 80' lang='lat' dir='ltr'><strong>fallacias</strong></span> <span class='ocrx_word' id='word_1_234' title='bbox 472 2012 511 2036; x_wconf 85' lang='lat' dir='ltr'><em>se</em></span> <span class='ocrx_word' id='word_1_235' title='bbox 536 2002 769 2047; x_wconf 85' lang='lat' dir='ltr'>proiicientes</span> <span class='ocrx_word' id='word_1_236' title='bbox 795 2007 998 2046; x_wconf 81' lang='lat' dir='ltr'><strong>peccarent.</strong></span> <span class='ocrx_word' id='word_1_237' title='bbox 1049 2001 1112 2036; x_wconf 88' lang='lat' dir='ltr'><em>sed</em></span> <span class='ocrx_word' id='word_1_238' title='bbox 1136 2002 1263 2036; x_wconf 79' lang='lat' dir='ltr'>timore</span> <span class='ocrx_word' id='word_1_239' title='bbox 1288 2002 1384 2036; x_wconf 87' lang='lat' dir='ltr'>ducti</span> <span class='ocrx_word' id='word_1_240' title='bbox 1402 2002 1555 2037; x_wconf 85' lang='lat' dir='ltr'>futurum</span> <span class='ocrx_word' id='word_1_241' title='bbox 1583 2013 1738 2048; x_wconf 81' lang='lat' dir='ltr'>quaere-</span> 
     </span>
     <span class='ocr_line' id='line_1_29' title="bbox 283 2049 1737 2094; baseline 0.001 -11"><span class='ocrx_word' id='word_1_242' title='bbox 283 2050 368 2084; x_wconf 88' lang='lat' dir='ltr'>bant</span> <span class='ocrx_word' id='word_1_243' title='bbox 396 2060 440 2084; x_wconf 86' lang='lat' dir='ltr'><em>ex</em></span> <span class='ocrx_word' id='word_1_244' title='bbox 473 2049 705 2083; x_wconf 86' lang='lat' dir='ltr'>daemonibus</span> <span class='ocrx_word' id='word_1_245' title='bbox 739 2049 798 2093; x_wconf 90' lang='lat' dir='ltr'><em>qui</em></span> <span class='ocrx_word' id='word_1_246' title='bbox 824 2059 889 2094; x_wconf 83' lang='lat' dir='ltr'><em>per</em></span> <span class='ocrx_word' id='word_1_247' title='bbox 920 2049 1048 2083; x_wconf 84' lang='lat' dir='ltr'>multas</span> <span class='ocrx_word' id='word_1_248' title='bbox 1082 2053 1216 2083; x_wconf 83' lang='lat' dir='ltr'>aetates</span> <span class='ocrx_word' id='word_1_249' title='bbox 1254 2049 1471 2083; x_wconf 82' lang='lat' dir='ltr'>vaticinandi</span> <span class='ocrx_word' id='word_1_250' title='bbox 1495 2055 1605 2084; x_wconf 84' lang='lat' dir='ltr'>artem</span> <span class='ocrx_word' id='word_1_251' title='bbox 1632 2061 1737 2084; x_wconf 87' lang='lat' dir='ltr'>exer-</span> 
     </span>
     <span class='ocr_line' id='line_1_30' title="bbox 284 2095 1738 2140; baseline 0.001 -10"><span class='ocrx_word' id='word_1_252' title='bbox 284 2102 431 2131; x_wconf 88' lang='lat' dir='ltr'>cuerant</span> <span class='ocrx_word' id='word_1_253' title='bbox 456 2095 656 2130; x_wconf 88' lang='lat' dir='ltr'>hominibus</span> <span class='ocrx_word' id='word_1_254' title='bbox 684 2096 823 2140; x_wconf 89' lang='lat' dir='ltr'>quidem</span> <span class='ocrx_word' id='word_1_255' title='bbox 849 2096 1009 2129; x_wconf 86' lang='lat' dir='ltr'>omnibus</span> <span class='ocrx_word' id='word_1_256' title='bbox 1045 2095 1100 2130; x_wconf 91' lang='lat' dir='ltr'>illi</span> <span class='ocrx_word' id='word_1_257' title='bbox 1125 2106 1192 2129; x_wconf 85' lang='lat' dir='ltr'><em>nec</em></span> <span class='ocrx_word' id='word_1_258' title='bbox 1218 2101 1334 2130; x_wconf 85' lang='lat' dir='ltr'>tamen</span> <span class='ocrx_word' id='word_1_259' title='bbox 1358 2096 1503 2130; x_wconf 84' lang='lat' dir='ltr'>multum</span> <span class='ocrx_word' id='word_1_260' title='bbox 1528 2097 1738 2140; x_wconf 83' lang='lat' dir='ltr'>prudentio..</span> 
     </span>
     <span class='ocr_line' id='line_1_31' title="bbox 284 2142 1738 2187; baseline -0.001 -10"><span class='ocrx_word' id='word_1_261' title='bbox 284 2154 356 2178; x_wconf 82' lang='lat' dir='ltr'>res.</span> <span class='ocrx_word' id='word_1_262' title='bbox 383 2144 485 2178; x_wconf 80' lang='lat' dir='ltr'>vides</span> <span class='ocrx_word' id='word_1_263' title='bbox 510 2144 604 2176; x_wconf 88' lang='lat' dir='ltr'>enim</span> <span class='ocrx_word' id='word_1_264' title='bbox 628 2142 710 2176; x_wconf 89' lang='lat' dir='ltr'>illos</span> <span class='ocrx_word' id='word_1_265' title='bbox 737 2142 944 2187; x_wconf 87' lang='lat' dir='ltr'>plerumque</span> <span class='ocrx_word' id='word_1_266' title='bbox 969 2143 1005 2175; x_wconf 92' lang='lat' dir='ltr'><em>in</em></span> <span class='ocrx_word' id='word_1_267' title='bbox 1038 2143 1240 2177; x_wconf 79' lang='lat' dir='ltr'>discrimine</span> <span class='ocrx_word' id='word_1_268' title='bbox 1265 2153 1399 2187; x_wconf 88' lang='lat' dir='ltr'>ponere</span> <span class='ocrx_word' id='word_1_269' title='bbox 1428 2143 1623 2177; x_wconf 88' lang='lat' dir='ltr'>oraculum.</span> <span class='ocrx_word' id='word_1_270' title='bbox 1674 2155 1738 2178; x_wconf 86' lang='lat' dir='ltr'><em>ce-</em></span> 
     </span>
     <span class='ocr_line' id='line_1_32' title="bbox 283 2189 1739 2235; baseline -0.001 -12"><span class='ocrx_word' id='word_1_271' title='bbox 283 2192 371 2224; x_wconf 85' lang='lat' dir='ltr'>teris</span> <span class='ocrx_word' id='word_1_272' title='bbox 400 2191 552 2231; x_wconf 82' lang='lat' dir='ltr'>omissis,</span> <span class='ocrx_word' id='word_1_273' title='bbox 579 2189 705 2233; x_wconf 79' lang='lat' dir='ltr'>Pythia</span> <span class='ocrx_word' id='word_1_274' title='bbox 731 2189 846 2233; x_wconf 75' lang='lat' dir='ltr'>Halyn</span> <span class='ocrx_word' id='word_1_275' title='bbox 871 2191 997 2235; x_wconf 87' lang='lat' dir='ltr'>inquit,</span> <span class='ocrx_word' id='word_1_276' title='bbox 1023 2190 1052 2223; x_wconf 88' lang='lat' dir='ltr'><em>si</em></span> <span class='ocrx_word' id='word_1_277' title='bbox 1077 2190 1285 2232; x_wconf 78' lang='lat' dir='ltr'>traieceris,</span> <span class='ocrx_word' id='word_1_278' title='bbox 1314 2200 1476 2235; x_wconf 86' lang='lat' dir='ltr'>magnum</span> <span class='ocrx_word' id='word_1_279' title='bbox 1500 2200 1648 2235; x_wconf 84' lang='lat' dir='ltr'>regnum</span> <span class='ocrx_word' id='word_1_280' title='bbox 1673 2191 1739 2225; x_wconf 88' lang='lat' dir='ltr'><em>de-</em></span> 
     </span>
     <span class='ocr_line' id='line_1_33' title="bbox 283 2236 1738 2282; baseline -0.002 -11"><span class='ocrx_word' id='word_1_281' title='bbox 283 2237 387 2271; x_wconf 86' lang='lat' dir='ltr'>lebis.</span> <span class='ocrx_word' id='word_1_282' title='bbox 446 2247 513 2270; x_wconf 91' lang='lat' dir='ltr'><em>nec</em></span> <span class='ocrx_word' id='word_1_283' title='bbox 540 2246 625 2270; x_wconf 91' lang='lat' dir='ltr'>vero</span> <span class='ocrx_word' id='word_1_284' title='bbox 652 2242 766 2270; x_wconf 85' lang='lat' dir='ltr'>utrum</span> <span class='ocrx_word' id='word_1_285' title='bbox 794 2247 941 2281; x_wconf 88' lang='lat' dir='ltr'>regnum</span> <span class='ocrx_word' id='word_1_286' title='bbox 973 2247 1041 2270; x_wconf 91' lang='lat' dir='ltr'><em>nec</em></span> <span class='ocrx_word' id='word_1_287' title='bbox 1065 2247 1147 2270; x_wconf 89' lang='lat' dir='ltr'><em>uum</em></span> <span class='ocrx_word' id='word_1_288' title='bbox 1173 2236 1286 2270; x_wconf 81' lang='lat' dir='ltr'>fausta</span> <span class='ocrx_word' id='word_1_289' title='bbox 1315 2242 1410 2271; x_wconf 89' lang='lat' dir='ltr'>esset</span> <span class='ocrx_word' id='word_1_290' title='bbox 1434 2237 1596 2271; x_wconf 82' lang='lat' dir='ltr'>traiectio</span> <span class='ocrx_word' id='word_1_291' title='bbox 1623 2248 1738 2282; x_wconf 87' lang='lat' dir='ltr'>quae..</span> 
     </span>
     <span class='ocr_line' id='line_1_34' title="bbox 283 2283 1343 2327; baseline 0.001 -10"><span class='ocrx_word' id='word_1_292' title='bbox 283 2285 375 2318; x_wconf 88' lang='lat' dir='ltr'>renti</span> <span class='ocrx_word' id='word_1_293' title='bbox 402 2283 477 2317; x_wconf 92' lang='lat' dir='ltr'><em>ullo</em></span> <span class='ocrx_word' id='word_1_294' title='bbox 504 2283 614 2317; x_wconf 88' lang='lat' dir='ltr'>verbo</span> <span class='ocrx_word' id='word_1_295' title='bbox 643 2283 849 2327; x_wconf 86' lang='lat' dir='ltr'>explicavit,</span> <span class='ocrx_word' id='word_1_296' title='bbox 875 2284 943 2317; x_wconf 88' lang='lat' dir='ltr'>nisi</span> <span class='ocrx_word' id='word_1_297' title='bbox 969 2284 999 2317; x_wconf 82' lang='lat' dir='ltr'><em>si</em></span> <span class='ocrx_word' id='word_1_298' title='bbox 1027 2283 1119 2316; x_wconf 79' lang='lat' dir='ltr'>sorte</span> <span class='ocrx_word' id='word_1_299' title='bbox 1146 2284 1343 2318; x_wconf 78' lang='lat' dir='ltr'>traieceris.</span> 
     </span>
    </p>

    <p class='ocr_par' dir='ltr' id='par_1_6' title="bbox 282 2330 1740 2789">
     <span class='ocr_line' id='line_1_35' title="bbox 417 2330 1740 2375; baseline 0.002 -12"><span class='ocrx_word' id='word_1_300' title='bbox 417 2330 625 2364; x_wconf 84' lang='lat' dir='ltr'>Huiusmodi</span> <span class='ocrx_word' id='word_1_301' title='bbox 660 2330 820 2374; x_wconf 87' lang='lat' dir='ltr'>exempla</span> <span class='ocrx_word' id='word_1_302' title='bbox 857 2331 916 2375; x_wconf 91' lang='lat' dir='ltr'><em>qui</em></span> <span class='ocrx_word' id='word_1_303' title='bbox 958 2340 1130 2374; x_wconf 79' lang='lat' dir='ltr'>quaerere</span> <span class='ocrx_word' id='word_1_304' title='bbox 1162 2340 1234 2363; x_wconf 87' lang='lat' dir='ltr'><em>non</em></span> <span class='ocrx_word' id='word_1_305' title='bbox 1269 2340 1378 2374; x_wconf 82' lang='lat' dir='ltr'>aegre</span> <span class='ocrx_word' id='word_1_306' title='bbox 1415 2331 1532 2364; x_wconf 85' lang='lat' dir='ltr'>ferent</span> <span class='ocrx_word' id='word_1_307' title='bbox 1566 2332 1740 2375; x_wconf 83' lang='lat' dir='ltr'>permulta</span> 
     </span>
     <span class='ocr_line' id='line_1_36' title="bbox 283 2376 1738 2422; baseline 0.001 -11"><span class='ocrx_word' id='word_1_308' title='bbox 283 2378 481 2411; x_wconf 85' lang='lat' dir='ltr'>invenient.</span> <span class='ocrx_word' id='word_1_309' title='bbox 538 2376 613 2410; x_wconf 91' lang='lat' dir='ltr'>noli</span> <span class='ocrx_word' id='word_1_310' title='bbox 639 2387 744 2420; x_wconf 88' lang='lat' dir='ltr'>porro</span> <span class='ocrx_word' id='word_1_311' title='bbox 772 2378 891 2411; x_wconf 85' lang='lat' dir='ltr'>dicere</span> <span class='ocrx_word' id='word_1_312' title='bbox 916 2377 1084 2410; x_wconf 89' lang='lat' dir='ltr'>malorum</span> <span class='ocrx_word' id='word_1_313' title='bbox 1110 2387 1172 2420; x_wconf 89' lang='lat' dir='ltr'><em>per</em></span> <span class='ocrx_word' id='word_1_314' title='bbox 1194 2382 1328 2420; x_wconf 82' lang='lat' dir='ltr'>patrum</span> <span class='ocrx_word' id='word_1_315' title='bbox 1352 2383 1499 2420; x_wconf 86' lang='lat' dir='ltr'>peccata</span> <span class='ocrx_word' id='word_1_316' title='bbox 1522 2378 1738 2422; x_wconf 83' lang='lat' dir='ltr'>prolatorum</span> 
     </span>
     <span class='ocr_line' id='line_1_37' title="bbox 282 2423 1739 2468; baseline 0 -10"><span class='ocrx_word' id='word_1_317' title='bbox 282 2424 431 2458; x_wconf 89' lang='lat' dir='ltr'>vinculo</span> <span class='ocrx_word' id='word_1_318' title='bbox 463 2434 502 2457; x_wconf 88' lang='lat' dir='ltr'><em>se</em></span> <span class='ocrx_word' id='word_1_319' title='bbox 531 2424 686 2457; x_wconf 90' lang='lat' dir='ltr'>liberare</span> <span class='ocrx_word' id='word_1_320' title='bbox 722 2423 856 2458; x_wconf 91' lang='lat' dir='ltr'>liberos</span> <span class='ocrx_word' id='word_1_321' title='bbox 881 2424 1022 2457; x_wconf 90' lang='lat' dir='ltr'>minime</span> <span class='ocrx_word' id='word_1_322' title='bbox 1047 2433 1153 2467; x_wconf 86' lang='lat' dir='ltr'>posse</span> <span class='ocrx_word' id='word_1_323' title='bbox 1185 2434 1252 2457; x_wconf 91' lang='lat' dir='ltr'><em>nec</em></span> <span class='ocrx_word' id='word_1_324' title='bbox 1278 2425 1388 2467; x_wconf 87' lang='lat' dir='ltr'>pestis</span> <span class='ocrx_word' id='word_1_325' title='bbox 1421 2423 1519 2458; x_wconf 84' lang='lat' dir='ltr'>illius</span> <span class='ocrx_word' id='word_1_326' title='bbox 1546 2425 1739 2468; x_wconf 86' lang='lat' dir='ltr'>perniciem</span> 
     </span>
     <span class='ocr_line' id='line_1_38' title="bbox 283 2470 1738 2515; baseline -0.001 -11"><span class='ocrx_word' id='word_1_327' title='bbox 283 2482 324 2504; x_wconf 89' lang='lat' dir='ltr'>ac</span> <span class='ocrx_word' id='word_1_328' title='bbox 350 2472 561 2504; x_wconf 85' lang='lat' dir='ltr'>dominatum</span> <span class='ocrx_word' id='word_1_329' title='bbox 587 2470 730 2504; x_wconf 82' lang='lat' dir='ltr'>tollere.</span> <span class='ocrx_word' id='word_1_330' title='bbox 781 2471 900 2505; x_wconf 86' lang='lat' dir='ltr'>valeat</span> <span class='ocrx_word' id='word_1_331' title='bbox 934 2471 1021 2504; x_wconf 83' lang='lat' dir='ltr'>haec</span> <span class='ocrx_word' id='word_1_332' title='bbox 1047 2470 1165 2504; x_wconf 86' lang='lat' dir='ltr'>fictilis</span> <span class='ocrx_word' id='word_1_333' title='bbox 1200 2470 1398 2515; x_wconf 79' lang='lat' dir='ltr'>indagati03</span> <span class='ocrx_word' id='word_1_334' title='bbox 1426 2481 1495 2504; x_wconf 85' lang='lat' dir='ltr'><em>nee</em></span> <span class='ocrx_word' id='word_1_335' title='bbox 1521 2472 1611 2505; x_wconf 89' lang='lat' dir='ltr'>enim</span> <span class='ocrx_word' id='word_1_336' title='bbox 1642 2472 1738 2505; x_wconf 83' lang='lat' dir='ltr'>iniu-</span> 
     </span>
     <span class='ocr_line' id='line_1_39' title="bbox 283 2517 1739 2562; baseline 0.001 -12"><span class='ocrx_word' id='word_1_337' title='bbox 283 2523 357 2551; x_wconf 87' lang='lat' dir='ltr'>stus</span> <span class='ocrx_word' id='word_1_338' title='bbox 389 2519 474 2551; x_wconf 87' lang='lat' dir='ltr'>deus</span> <span class='ocrx_word' id='word_1_339' title='bbox 502 2523 554 2552; x_wconf 86' lang='lat' dir='ltr'><em>est</em></span> <span class='ocrx_word' id='word_1_340' title='bbox 579 2523 616 2551; x_wconf 87' lang='lat' dir='ltr'><em>ut</em></span> <span class='ocrx_word' id='word_1_341' title='bbox 641 2518 787 2552; x_wconf 85' lang='lat' dir='ltr'>alterius</span> <span class='ocrx_word' id='word_1_342' title='bbox 810 2517 916 2552; x_wconf 84' lang='lat' dir='ltr'>alteri</span> <span class='ocrx_word' id='word_1_343' title='bbox 940 2527 1088 2561; x_wconf 86' lang='lat' dir='ltr'>poenam</span> <span class='ocrx_word' id='word_1_344' title='bbox 1114 2517 1291 2562; x_wconf 83' lang='lat' dir='ltr'>adiungat.</span> <span class='ocrx_word' id='word_1_345' title='bbox 1328 2518 1420 2562; x_wconf 92' lang='lat' dir='ltr'>quod</span> <span class='ocrx_word' id='word_1_346' title='bbox 1446 2519 1594 2561; x_wconf 84' lang='lat' dir='ltr'>perinde</span> <span class='ocrx_word' id='word_1_347' title='bbox 1620 2524 1674 2552; x_wconf 88' lang='lat' dir='ltr'><em>est</em></span> <span class='ocrx_word' id='word_1_348' title='bbox 1698 2529 1739 2551; x_wconf 91' lang='lat' dir='ltr'>ac</span> 
     </span>
     <span class='ocr_line' id='line_1_40' title="bbox 283 2564 1738 2610; baseline -0.001 -12"><span class='ocrx_word' id='word_1_349' title='bbox 283 2565 313 2598; x_wconf 87' lang='lat' dir='ltr'><em>si</em></span> <span class='ocrx_word' id='word_1_350' title='bbox 341 2565 418 2608; x_wconf 90' lang='lat' dir='ltr'>quis</span> <span class='ocrx_word' id='word_1_351' title='bbox 445 2564 613 2598; x_wconf 88' lang='lat' dir='ltr'>flammam</span> <span class='ocrx_word' id='word_1_352' title='bbox 639 2574 873 2608; x_wconf 83' lang='lat' dir='ltr'>oppressurus</span> <span class='ocrx_word' id='word_1_353' title='bbox 900 2565 1037 2598; x_wconf 83' lang='lat' dir='ltr'>omissis</span> <span class='ocrx_word' id='word_1_354' title='bbox 1063 2565 1191 2598; x_wconf 88' lang='lat' dir='ltr'>ceteris</span> <span class='ocrx_word' id='word_1_355' title='bbox 1226 2564 1386 2599; x_wconf 86' lang='lat' dir='ltr'>omnibus</span> <span class='ocrx_word' id='word_1_356' title='bbox 1415 2565 1459 2598; x_wconf 90' lang='lat' dir='ltr'><em>iis</em></span> <span class='ocrx_word' id='word_1_357' title='bbox 1489 2575 1579 2610; x_wconf 87' lang='lat' dir='ltr'>quae</span> <span class='ocrx_word' id='word_1_358' title='bbox 1603 2565 1644 2598; x_wconf 88' lang='lat' dir='ltr'>ad</span> <span class='ocrx_word' id='word_1_359' title='bbox 1673 2575 1738 2598; x_wconf 86' lang='lat' dir='ltr'>ex..</span> 
     </span>
     <span class='ocr_line' id='line_1_41' title="bbox 284 2611 1737 2655; baseline 0 -11"><span class='ocrx_word' id='word_1_360' title='bbox 284 2612 531 2654; x_wconf 83' lang='lat' dir='ltr'>stinguendum</span> <span class='ocrx_word' id='word_1_361' title='bbox 554 2612 714 2645; x_wconf 88' lang='lat' dir='ltr'>adhiberi</span> <span class='ocrx_word' id='word_1_362' title='bbox 750 2612 869 2645; x_wconf 82' lang='lat' dir='ltr'>solent</span> <span class='ocrx_word' id='word_1_363' title='bbox 904 2617 1157 2645; x_wconf 82' lang='lat' dir='ltr'>sarmentorum</span> <span class='ocrx_word' id='word_1_364' title='bbox 1194 2611 1383 2645; x_wconf 84' lang='lat' dir='ltr'>fasciculos</span> <span class='ocrx_word' id='word_1_365' title='bbox 1418 2612 1574 2655; x_wconf 88' lang='lat' dir='ltr'>imponat</span> <span class='ocrx_word' id='word_1_366' title='bbox 1601 2617 1635 2645; x_wconf 91' lang='lat' dir='ltr'><em>et</em></span> <span class='ocrx_word' id='word_1_367' title='bbox 1665 2611 1737 2645; x_wconf 90' lang='lat' dir='ltr'>olei</span> 
     </span>
     <span class='ocr_line' id='line_1_42' title="bbox 285 2658 1737 2702; baseline 0.001 -13"><span class='ocrx_word' id='word_1_368' title='bbox 285 2658 470 2700; x_wconf 88' lang='lat' dir='ltr'>amphoras</span> <span class='ocrx_word' id='word_1_369' title='bbox 497 2658 598 2702; x_wconf 89' lang='lat' dir='ltr'>large</span> <span class='ocrx_word' id='word_1_370' title='bbox 624 2659 786 2693; x_wconf 85' lang='lat' dir='ltr'>infundat</span> <span class='ocrx_word' id='word_1_371' title='bbox 824 2664 858 2692; x_wconf 90' lang='lat' dir='ltr'><em>et</em></span> <span class='ocrx_word' id='word_1_372' title='bbox 891 2658 951 2693; x_wconf 87' lang='lat' dir='ltr'>vel</span> <span class='ocrx_word' id='word_1_373' title='bbox 985 2663 1124 2692; x_wconf 86' lang='lat' dir='ltr'>ceteros</span> <span class='ocrx_word' id='word_1_374' title='bbox 1158 2659 1216 2702; x_wconf 90' lang='lat' dir='ltr'><em>qui</em></span> <span class='ocrx_word' id='word_1_375' title='bbox 1252 2669 1329 2693; x_wconf 91' lang='lat' dir='ltr'><em>eum</em></span> <span class='ocrx_word' id='word_1_376' title='bbox 1355 2664 1551 2702; x_wconf 81' lang='lat' dir='ltr'>sequuntur</span> <span class='ocrx_word' id='word_1_377' title='bbox 1583 2663 1621 2691; x_wconf 87' lang='lat' dir='ltr'><em>ut</em></span> <span class='ocrx_word' id='word_1_378' title='bbox 1645 2659 1737 2691; x_wconf 89' lang='lat' dir='ltr'>idem</span> 
     </span>
     <span class='ocr_line' id='line_1_43' title="bbox 286 2704 1737 2746; baseline 0 -10"><span class='ocrx_word' id='word_1_379' title='bbox 286 2704 419 2738; x_wconf 78' lang='lat' dir='ltr'>faciant</span> <span class='ocrx_word' id='word_1_380' title='bbox 445 2705 589 2746; x_wconf 82' lang='lat' dir='ltr'>incitet;</span> <span class='ocrx_word' id='word_1_381' title='bbox 615 2707 729 2739; x_wconf 88' lang='lat' dir='ltr'>statim</span> <span class='ocrx_word' id='word_1_382' title='bbox 754 2707 791 2739; x_wconf 87' lang='lat' dir='ltr'><em>in</em></span> <span class='ocrx_word' id='word_1_383' title='bbox 817 2704 1094 2743; x_wconf 86' lang='lat' dir='ltr'>aeremflamma</span> <span class='ocrx_word' id='word_1_384' title='bbox 1120 2706 1285 2739; x_wconf 80' lang='lat' dir='ltr'>ascendet</span> <span class='ocrx_word' id='word_1_385' title='bbox 1315 2711 1350 2740; x_wconf 85' lang='lat' dir='ltr'><em>et</em></span> <span class='ocrx_word' id='word_1_386' title='bbox 1378 2706 1480 2740; x_wconf 84' lang='lat' dir='ltr'>citius</span> <span class='ocrx_word' id='word_1_387' title='bbox 1510 2711 1638 2740; x_wconf 83' lang='lat' dir='ltr'>terram</span> <span class='ocrx_word' id='word_1_388' title='bbox 1663 2705 1737 2738; x_wconf 86' lang='lat' dir='ltr'>cir-</span> 
     </span>
     <span class='ocr_line' id='line_1_44' title="bbox 289 2752 1736 2789; baseline -0.001 -3"><span class='ocrx_word' id='word_1_389' title='bbox 289 2756 486 2787; x_wconf 75' lang='lat' dir='ltr'>cumcurn-et</span> <span class='ocrx_word' id='word_1_390' title='bbox 514 2752 608 2786; x_wconf 86' lang='lat' dir='ltr'>fumo</span> <span class='ocrx_word' id='word_1_391' title='bbox 636 2753 671 2787; x_wconf 86' lang='lat' dir='ltr'><em>in</em></span> <span class='ocrx_word' id='word_1_392' title='bbox 700 2753 881 2788; x_wconf 85' lang='lat' dir='ltr'>aetherem</span> <span class='ocrx_word' id='word_1_393' title='bbox 909 2753 1049 2788; x_wconf 75' lang='lat' dir='ltr'>emisso.</span> <span class='ocrx_word' id='word_1_394' title='bbox 1099 2761 1249 2789; x_wconf 79' lang='lat' dir='ltr'>necesse</span> <span class='ocrx_word' id='word_1_395' title='bbox 1276 2757 1421 2788; x_wconf 84' lang='lat' dir='ltr'>estnon</span> <span class='ocrx_word' id='word_1_396' title='bbox 1457 2763 1501 2788; x_wconf 86' lang='lat' dir='ltr'><em>ex</em></span> <span class='ocrx_word' id='word_1_397' title='bbox 1525 2763 1596 2788; x_wconf 84' lang='lat' dir='ltr'><em>uno</em></span> <span class='ocrx_word' id='word_1_398' title='bbox 1622 2752 1736 2787; x_wconf 80' lang='lat' dir='ltr'>domi-</span> 
     </span>
    </p>
   </div>
  </div>
 </body>
</html>
