1826 3120
150 685 177 722 f.
199 681 266 720 149
282 679 465 717 ι’.λαοσα
493 672 733 717 θάλαττα.”
800 677 928 729 γέλως
976 669 1052 720 οὖν
1085 676 1156 717 ἐπὶ
1190 671 1355 724 τούτοις
1397 669 1511 731 ἤρθη
1551 674 1694 727 πολύς,
1725 673 1781 723 ὥς

239 891 310 924 sn
327 873 397 918 διὰ
425 875 499 924 τοὶς
525 877 595 930 τῆς
615 876 803 931 κεφαλῆς
832 874 1063 930 ἀλγηδόνας
1089 874 1402 929 ἐπιτηδεύοντα.
1460 874 1551 917 ἀλλ’
1579 872 1602 915 ὅ
1622 877 1782 917 Παλα-

243 1556 313 1590 53
327 1541 432 1596 πρὸς
459 1543 590 1585 ταῦτα
621 1539 643 1582 ὅ
678 1543 895 1597 Γρηγορᾶς
927 1537 1068 1595 ὥσπερ
1109 1539 1259 1592 ἔνθους
1297 1540 1518 1597 γενόμενος
1556 1541 1783 1596 α’νεβόησεν

331 161 430 214 324
732 169 1028 215 mcsspnom
1067 168 1373 213 GaEeonAE

328 277 454 331 α’κοῆς
480 273 709 331 ἀχθεσθεῖς’
727 278 802 318 καί
826 276 1071 329 διαναστάς,
1094 275 1194 318 «καί
1221 272 1331 330 μηθ’
1360 273 1490 331 φησίν
1510 270 1670 332 “520520
1697 292 1782 319 πα-

326 341 567 397 σοδύναμον
597 342 754 385 οὑτωσὶ
793 341 897 386 κατὰ
929 344 977 385 σὲ
1007 347 1150 385 καλεῖν
1177 339 1252 384 τὸν
1281 338 1408 395 θεόν,
1435 339 1508 383 καί
1530 339 1590 396 μὴ
1625 357 1781 384 παντο-

327 407 528 463 δύναμον.
585 409 684 463 ἡμῖν
711 409 791 465 γάρ
824 411 869 452 ἐκ
896 400 1041 452 τοῦ-τοὶ
1069 407 1198 450 πάνθ’
1228 405 1308 450 ὅσα
1329 406 1535 464 βούληται
1566 397 1782 461 δυ’νασθαι

327 478 456 530 μέχρι
485 478 559 518 νῦν
588 473 724 518 ἐδόκει
756 479 979 518 καλεῖσθαι
1011 473 1328 527 παντοδύναμον
1353 474 1423 518 τὸν
1452 473 1567 528 θεόν,
1600 476 1672 517 καί
1698 475 1780 529 οὐχ

328 543 386 592 ὥς
414 540 467 584 σύ
501 541 622 598 φῄς.”
679 539 902 595 ὑπολαβών
933 543 979 584 δὲ
1009 540 1029 584 ὃ
1058 543 1277 594 Παλαμᾶς
1299 539 1450 583 “vind
1486 539 1590 584 κατὰ
1624 539 1780 596 τροπὴν

325 611 403 650 τοῦ
429 608 480 650 σ”
506 607 634 664 φησίν
655 605 743 658 “εἶς
769 626 787 650 τ
819 611 977 662 γίνεται
1007 608 1347 661 παντοδύναμος,
1377 606 1569 664 καθάπερ
1597 606 1670 650 καί
1694 606 1782 650 θά-

325 742 426 797 μηδ’
455 740 584 783 αὐτόν
604 743 828 797 Γρηγορᾶν
856 744 1051 797 κατέχειν
1074 738 1228 783 ἑαυτὸν
1254 740 1482 795 δυ’νασθαιρ
1512 742 1648 786 καίτοι
1677 745 1782 783 πολ-

327 807 377 851 λοὶ
410 808 511 862 πρὸς
538 807 584 851 τὸ
616 807 674 863 μή
719 810 907 865 φανῆναι
946 810 1131 863 γελῶντα
1162 807 1418 862 βουλόμενον
1442 806 1516 850 καί
1544 803 1633 860 ἅμα
1659 810 1782 862 σιγᾶν

326 945 412 997 μᾶς
439 941 681 984 διακόπτειν
708 941 780 984 τὸν
799 945 960 996 γέλωτα
978 941 1282 997 μηχανώμενος
1302 943 1384 983 τῶν
1411 940 1619 996 πρότερον
1637 939 1781 996 εἴχετο

327 1009 484 1064 λόγων,
525 1007 835 1063 α’ναλαμβάνων
868 1004 995 1058 αὖθις
1025 1010 1196 1053 ἐκεῖθεν.
1250 1004 1344 1049 “Su
1375 1009 1411 1049 δ’
1443 1003 1545 1050 ἄλλο
1585 1007 1629 1051 τό
1663 1007 1783 1062 ἔχον“’

327 1079 436 1133 φησί
456 1074 557 1118 “nai
587 1070 687 1117 ἄλλο
715 1077 760 1119 τὸ
792 1074 1019 1130 ἐχόμενον,
1051 1076 1176 1130 δῆλον
1205 1075 1284 1116 κάκ
1318 1077 1397 1117 τοῦ
1423 1074 1544 1129 οἷγίου
1575 1077 1781 1128 Μαξίμου

329 1143 521 1197 λέγοντος
543 1139 581 1183 “ὅ
621 1145 698 1196 μὲν
728 1142 825 1191 θεὸς
853 1141 1048 1196 γινώσκει
1088 1139 1244 1184 ἑαυτὸν
1276 1144 1322 1184 ἐκ
1362 1143 1435 1196 τῆς
1461 1142 1677 1197 μακαρίας
1707 1142 1784 1184 οὕ-

327 1211 423 1259 σιάς
453 1211 603 1261 αὐτοῦ,
637 1209 688 1251 τὰ
720 1210 760 1251 δ’
789 1208 861 1250 ὑπ’
891 1209 1023 1252 αῦτοῦ
1053 1205 1245 1263 γεγονότα
1277 1209 1322 1250 ἐκ
1348 1210 1420 1263 τῆς
1454 1209 1607 1265 σοφίας
1630 1208 1783 1259 αὐτοῦ,

332 1278 385 1318 δι’
419 1269 468 1331 ἧς
498 1275 572 1318 καί
596 1277 640 1318 ἐν
669 1270 698 1333 ᾗ
728 1273 779 1318 τὰ
810 1273 946 1317 πάντα
976 1273 1193 1330 ἐποίησενῖ
1262 1268 1385 1325 ἄλλος
1415 1269 1489 1317 οῦν
1520 1274 1540 1316 ὃ
1570 1273 1682 1328 θεός,
1713 1275 1786 1318 καί

329 1339 434 1398 ἄλλη
463 1342 489 1397 ἦ
517 1341 650 1399 σοφιά
679 1344 814 1385 αὐτοῦ
843 1343 896 1384 δι’
931 1336 980 1397 ἦς
1007 1340 1079 1384 καί
1105 1343 1150 1384 ἐν
1178 1335 1207 1399 ᾗ
1240 1338 1290 1384 τὰ
1321 1340 1455 1385 πάντα
1485 1341 1677 1398 ἐποίησε,
1709 1343 1784 1396 τῆς

327 1411 405 1451 τοῦ
430 1412 533 1451 θεοῦ
562 1409 712 1458 ου’σίας
743 1408 873 1466 πάντῃ
901 1407 1107 1465 διάφορός
1133 1424 1175 1450 τε
1203 1410 1275 1450 καί
1303 1403 1518 1457 ἅκτιστος·
1550 1403 1674 1458 ἄλλος
1701 1407 1779 1462 γὰρ

329 1474 350 1517 ὃ
372 1474 473 1524 θεὸς
492 1473 514 1516 ὅ
532 1474 658 1531 ἔχων,
689 1477 760 1518 καί
777 1470 882 1531 ἄλλη
902 1472 926 1530 ἦ
949 1477 1079 1531 σοφία
1104 1470 1237 1518 αὐτοῦ
1254 1476 1311 1525 ὥς
1330 1473 1448 1518 ἑκτὸν
1465 1477 1537 1518 καί
1551 1473 1788 1520 α’νοῦσιον.”

318 1606 425 1650 “ου’κ
455 1608 640 1663 duodus,
672 1608 824 1659 πάντες
857 1607 896 1650 οἱ
924 1611 996 1661 τῆς
1025 1609 1275 1663 ὀρθοδοξίας
1294 1606 1651 1662 ἀντιποιούμενοι,
1681 1623 1789 1662 προ-

327 1677 475 1731 φανῶς
506 1675 765 1729 ἀναιροῦντα
794 1674 868 1730 τὴν
907 1674 1061 1730 εῦσεβῆ
1096 1676 1173 1717 τοῦ
1205 1675 1398 1730 Χριστοῦ
1424 1676 1644 1730 ἐκκλησίαν
1674 1673 1784 1727 ὄμοῦ

327 1747 415 1791 τοῖς
444 1742 704 1797 εὐαγγελίοις
728 1739 802 1784 καί
829 1738 984 1792 πάσαις
1005 1743 1088 1784 τῶν
1116 1742 1244 1785 θείων
1273 1743 1466 1799 πατέρων
1486 1746 1687 1799 γραφαῖς,
1713 1741 1787 1783 καί

329 1955 456 2000 inquit,
486 1955 673 2000 oportebat
698 1956 764 1990 hac
789 1956 929 1990 ratione
957 1956 1149 1990 secundum
1163 1959 1199 1989 te
1224 1954 1325 1988 deum
1344 1953 1475 1988 vocare
1499 1953 1778 2000 πασοδύναμον

327 2013 446 2047 neque
472 2013 559 2037 vero
588 2004 899 2049 παντοδύναμον;
924 2003 1027 2037 nobis
1058 2004 1148 2036 enim
1170 2003 1251 2046 quia
1276 2002 1404 2043 omnia,
1432 2009 1663 2046 quaecunque
1689 2000 1780 2043 vult,

329 2050 450 2083 facere
475 2056 605 2094 potest,
631 2062 744 2095 usque
772 2052 814 2085 ad
840 2051 908 2084 hoc
934 2055 1071 2094 tempus
1094 2049 1227 2094 placuit
1250 2054 1289 2082 ut
1313 2049 1601 2094 παντοδύναμος
1626 2057 1780 2082 vocare-

328 2103 385 2131 tur
410 2097 496 2131 deus
521 2108 640 2142 neque
665 2108 753 2132 vero
778 2103 818 2131 ut
842 2103 880 2132 tu
908 2098 1009 2131 dicis.
1058 2097 1218 2130 referens
1251 2101 1366 2130 autem
1394 2094 1577 2137 Palamas,
1615 2095 1677 2129 sed
1702 2105 1779 2128 cum

327 2145 454 2177 mutari
480 2146 605 2188 possit,
632 2145 758 2189 inquit,
784 2148 819 2179 Σ
844 2146 880 2178 in
900 2149 939 2187 T,
966 2145 1004 2178 fit
1028 2144 1328 2191 παντοδύναμος,
1355 2143 1447 2176 sicut
1471 2143 1574 2186 etiam
1600 2142 1780 2177 θάλασσα

327 2191 364 2224 in
390 2190 556 2226 θάλαττα
580 2197 744 2226 mutatur.
802 2193 893 2225 risus
928 2192 1036 2235 igitur
1071 2191 1114 2224 ad
1147 2191 1236 2224 haec
1267 2189 1429 2224 sublatus
1468 2194 1522 2223 est
1545 2199 1705 2234 magnus,
1731 2190 1780 2222 ita

328 2243 437 2271 utne
462 2240 539 2283 ipse
565 2239 705 2283 quidem
733 2239 908 2283 Gregoras
943 2239 1126 2272 continere
1167 2249 1206 2271 se
1244 2242 1366 2281 posset
1402 2247 1597 2281 quanquam
1633 2236 1779 2269 multum

328 2295 460 2329 operae
489 2287 585 2320 dedit
607 2297 653 2319 ne
682 2287 800 2320 ridens
826 2286 1113 2329 conspiceretur,
1149 2284 1324 2329 simulque
1362 2288 1482 2317 tacere
1508 2288 1655 2327 propter
1678 2283 1779 2326 eapi-

326 2333 372 2365 tis
393 2333 535 2367 dolores
560 2333 704 2367 studuit.
753 2334 815 2367 sed
841 2332 997 2367 Palamas
1025 2334 1133 2365 risum
1158 2332 1386 2376 exstinguere
1418 2335 1562 2364 conatus
1586 2331 1621 2363 in
1646 2330 1778 2373 priori-

326 2379 392 2413 bus
419 2380 628 2414 inhaerebat
652 2380 896 2422 sermonibus,
931 2386 965 2413 et
999 2390 1118 2413 rursus
1156 2379 1238 2412 inde
1267 2388 1368 2412 orsus
1395 2383 1460 2411 est.
1511 2377 1626 2419 aliud,
1651 2378 1778 2421 inquit,

329 2437 408 2461 esse
434 2428 468 2461 id
495 2428 587 2472 quod
614 2427 732 2469 habet,
760 2427 856 2461 aliud
882 2428 916 2460 id
943 2426 1035 2471 quod
1059 2426 1226 2467 liabetur,
1260 2425 1473 2469 intelligitur
1494 2425 1597 2458 etiam
1622 2435 1642 2457 e
1667 2423 1779 2458 sancti

326 2474 466 2508 Maximi
493 2475 608 2509 dicto:
635 2476 722 2509 deus
749 2475 888 2519 quidem
914 2485 953 2508 se
981 2474 1164 2518 cognoscit
1190 2483 1234 2506 ex
1261 2473 1415 2506 essentia
1445 2482 1510 2506 sua
1534 2471 1661 2505 beata:
1689 2480 1779 2516 quae
1821 2471 1823 2475 ’

327 2526 444 2554 autem
470 2522 513 2555 ab
543 2532 584 2556 eo
615 2523 707 2556 sacta
731 2526 812 2556 sunt
837 2532 880 2555 ex
911 2522 986 2554 eius
1011 2521 1184 2564 sapientia
1217 2530 1284 2564 qua
1315 2524 1350 2553 et
1374 2520 1411 2552 in
1438 2529 1507 2564 qua
1530 2519 1697 2552 universa
1721 2518 1779 2551 fe-

330 2569 390 2602 cit.
441 2568 531 2602 alius
557 2570 666 2614 igitur
699 2573 752 2602 est
785 2569 890 2610 deus,
925 2569 995 2602 alia
1028 2568 1203 2610 sapientia
1236 2567 1311 2600 eius
1347 2571 1511 2611 tanquam
1548 2565 1702 2599 habitum
1744 2569 1779 2598 et

330 2616 575 2650 inessentiale.
626 2617 668 2650 ad
692 2616 781 2649 haec
798 2616 973 2660 Gregoras
993 2621 1031 2648 ut
1055 2615 1175 2648 divino
1201 2615 1346 2647 numine
1373 2613 1519 2647 adflatus
1546 2612 1778 2646 exclamavit:

329 2672 449 2696 nonne
476 2673 597 2697 omnes
628 2664 781 2704 auditis,
816 2664 876 2707 qui
914 2673 1022 2696 verae
1062 2661 1233 2695 formulae
1268 2661 1349 2694 fidei
1383 2661 1468 2694 estis
1504 2660 1674 2701 studiosi,
1701 2668 1779 2706 eum

327 2716 451 2754 aperte
476 2710 606 2744 tollere
629 2711 720 2754 piam
741 2710 873 2745 Christi
900 2709 1085 2743 ecclesiam
1109 2708 1213 2742 simul
1240 2719 1316 2741 cum
1335 2706 1534 2752 evangeliis
1560 2711 1596 2740 et
1620 2705 1781 2739 omnibus

325 2763 463 2805 patrum
491 2758 689 2792 divinorum
716 2757 917 2809 scripturis,
950 2762 984 2791 et
1006 2757 1125 2791 dicere
1140 2755 1250 2790 filium
1281 2761 1316 2790 et
1340 2756 1514 2791 rationem
1535 2754 1592 2789 dei
1618 2753 1789 2799 diversos:
