1826 3120
375 162 673 224 msromm
716 172 1064 220 mmmmm
1096 174 1220 217 xxx.
1250 160 1419 216 1-8.
1568 164 1663 213 267

252 265 257 281 1
318 284 446 344 ’Apu
480 290 565 330 τῶν
594 276 818 331 εἰωθότων
840 286 916 340 τῆς
956 285 1144 341 κεφαλῆς
1172 277 1422 337 νοσημάτων
1452 277 1598 335 βραχύ
1628 285 1719 321 τι,

198 353 473 413 α’νενεγκόντα
509 354 583 397 τὸν
614 355 654 396 Γ
653 355 838 409 ρηγορᾶν
874 346 947 407 ἧκε
988 352 1127 393 καλῶν
1173 351 1218 392 ἐκ
1247 349 1456 404 βασιλέως
1487 342 1508 387 ὅ
1537 347 1671 401 με’γας

196 426 422 480 λογοθέτης
449 419 704 478 ὁτουδήποτε
727 420 867 462 εἵνεκα
885 436 894 446 ·
952 419 1024 460 καί
1041 415 1185 473 ἐπειδὴ
1214 412 1566 471 παρακρούεσθαι
1595 411 1671 455 οὐκ

196 493 307 548 huju,
339 488 525 540 α’ναστὰς
564 488 714 546 α’πῄει,
767 489 839 529 καί
870 484 959 539 ἅμα
984 484 1169 540 εἱπόμην
1213 482 1340 533 αὐτὸς
1371 481 1669 535 ἀκουσόμενος.

161 553 248 615 ὗῆν
275 560 322 602 δὲ
347 558 394 602 τὸ
421 560 494 613 τῆς
520 553 636 612 ὥρας
679 555 762 610 ὀψὲ
804 552 912 607 μετὰ
944 555 1066 596 δύσιν
1104 552 1240 607 ἡλίου.
1311 550 1384 593 καί
1408 553 1674 606 προσεληλυ-

195 624 287 683 &coc
315 623 336 668 ὅ
361 626 611 682 Γρηγορᾶς,
652 626 725 666 καί
765 620 842 678 τήν
875 623 1082 664 εἰωθυῖαν
1109 618 1394 669 α’ποδεδωκιός
1421 620 1477 676 τῷ
1505 620 1680 672 βασιλεῖ’

195 693 452 750 πρόσρησιν,
480 688 571 735 εἶτα
603 691 816 734 ἐκάθισεν.
846 689 970 744 ἔτυχε
998 692 1036 731 δ’
1075 688 1212 739 εὐθὺς
1242 689 1333 730 ἐκεῖ
1355 689 1427 729 καί
1455 683 1476 727 ὅ
1511 689 1673 728 Παλα-

194 763 281 816 μᾶς
305 758 552 812 συνεισιαὶν,
585 759 661 800 οὔκ
692 754 772 801 οἶδ’
803 755 1024 811 ὁπότερον,
1054 755 1140 799 εἴτε
1175 758 1220 799 ἐκ
1248 755 1512 811 προθεσμίας
1542 750 1673 794 πάλαι

194 829 499 883 μελετηθείσης
542 823 721 883 ἔφεδρος
764 828 853 868 ἐκεῖ
881 840 962 866 που
996 822 1168 879 παρών,
1210 820 1282 865 εἴτ’
1314 821 1396 883 dno
1428 823 1585 877 τύχης,
1615 818 1672 870 ὥς

140 894 325 940 ίθεῖωθε
352 896 545 950 γίνεσθαι
587 892 640 936 τὰ
672 891 806 936 πολλοὶ
840 894 922 935 τῶν
952 893 997 935 ἐν
1027 889 1170 949 κόσμῳ
1198 888 1470 945 πραγμάτων.
1545 884 1592 937 ὃς
1619 885 1670 943 δὴ

197 961 272 1006 καὶ
299 961 351 1005 τὰ
383 963 617 1017 παλαιγενῆ
648 962 890 1016 προπετῶς,
913 959 1006 1002 ‘nae‘
1039 954 1116 1001 ὅσα
1149 957 1283 1014 λήθης
1329 959 1498 1013 μακρᾶς
1536 973 1672 1000 συνα-

197 1029 430 1087 πήχθησαν
460 1028 671 1087 ῥεύμασι,
711 1031 891 1087 μηδαμῇ
932 1028 982 1086 τῇ
1010 1027 1207 1084 παρούσῃ
1252 1025 1514 1081 προσήκοντα
1547 1027 1673 1083 χρείᾳ

196 1095 499 1154 προδιαλαβών
540 1096 613 1139 καὶ
646 1094 1025 1152 τερατευσάμενος,
1054 1094 1111 1144 ὥς
1141 1092 1314 1146 εἰώθει,
1354 1094 1426 1135 καί
1454 1088 1535 1134 ὅσα
1566 1090 1673 1147 πρὸς

198 1162 372 1208 ἔπαινον
401 1163 822 1219 ε’γκαλλωπισοὶμενος
851 1162 1008 1206 ἑαυτοῦ
1033 1164 1135 1218 περί
1160 1177 1204 1205 τε
1231 1163 1305 1218 τῆς
1337 1161 1381 1204 ἐν
1404 1158 1545 1219 λαύρα
1575 1160 1674 1203 δια-

142 1232 343 1290 15τριβῆς
382 1234 456 1275 καί
504 1234 579 1289 τῆς
609 1231 718 1288 πρὸς
747 1231 967 1287 Βαρλαάμ
996 1232 1243 1287 διαλέξεως,
1285 1231 1359 1271 καί
1384 1226 1587 1271 τοιούτων
1618 1226 1671 1283 δὴ

199 1301 324 1344 τινῶν
349 1299 425 1351 τοῖς
451 1302 535 1345 τῶν
565 1299 899 1355 παρατυχόντων
926 1297 1205 1355 ἐμπεπληκώς
1239 1295 1388 1353 α’κοάς,
1429 1295 1502 1338 καί
1532 1294 1674 1347 δείξας
1720 1336 1727 1343 ,

199 1364 332 1411 οἷονεί
355 1361 776 1422 προβεβουλευμένον
805 1362 914 1409 εἶναι
945 1366 1017 1408 καί
1046 1368 1269 1420 ἐπίβουλον
1309 1362 1383 1407 τόν
1414 1362 1570 1407 σκοπὸν
1600 1365 1675 1418 τῆς

198 1435 431 1490 τηνικαῦτα
459 1433 595 1478 αὐτοῦ
623 1450 669 1490 γε
708 1436 936 1490 ἐπιδημίας
968 1432 1074 1489 πρὸς
1104 1432 1386 1489 ἐπιδεικτικὴν
1417 1432 1676 1490 φαντασίαν,

1 1517 3 1545 ,¹
197 1497 290 1544 εἶτα
325 1503 506 1557 ἐσίγησε.
564 1501 638 1544 καί
664 1502 734 1544 ἵνα
764 1503 842 1544 τοῖν
868 1505 983 1561 μέσῳ
1015 1505 1243 1557 παρέλθω,
1274 1499 1345 1542 καί
1373 1495 1454 1542 ὅσα
1485 1504 1571 1549 τοῖς
1598 1498 1723 1552 ἔμ-ιι

141 1571 390 1624 2οπροσθεν
419 1570 661 1625 ἀναγκαίοις
691 1571 881 1625 γίγνοιντ’
913 1564 965 1611 ἂν
991 1570 1210 1623 ἐμποδών,
1242 1566 1348 1623 πρὸς
1379 1566 1424 1610 τὸ
1455 1566 1676 1620 ἀπροσδό-

200 1640 321 1693 κητον
350 1639 497 1680 τουτοῒ
540 1639 613 1680 καί
639 1639 855 1694 αἰφνίδιον
892 1636 1303 1693 προοιμιασάμενος,
1334 1634 1407 1678 καί
1436 1636 1677 1690 προδιαλα-

199 1703 291 1760 βων
319 1701 402 1750 ὅσα
430 1705 552 1761 εἶκὸς,
585 1708 659 1748 καί
699 1705 720 1748 ὅ
748 1707 970 1763 Γρηγορᾶς
1001 1701 1064 1748 ὅτι
1107 1701 1161 1748 ἂν
1195 1706 1268 1747 καί
1313 1702 1420 1759 πρὸς
1449 1703 1585 1745 αὐτοῦ
1612 1701 1675 1759 εἴη
1692 1709 1717 1745 i.
1735 1709 1826 1746 13Ωπ

338 1894 441 1937 Quae
466 1898 584 1930 autem
609 1900 806 1929 memoratu
832 1895 997 1940 digniora
1025 1899 1109 1929 sunt
1126 1899 1162 1929 et
1187 1904 1278 1940 quae
1303 1893 1526 1939 potissimum
1555 1893 1676 1928 audias

189 1948 356 1977 'necesse
387 1947 455 1985 est,
483 1953 525 1977 ea
551 1944 661 1989 igitur
685 1943 848 1978 breviter
874 1948 909 1976 et
939 1943 1133 1977 summatim
1159 1942 1224 1977 tibi
1251 1941 1546 1976 commemorabo.
1584 1941 1676 1977 Gre-

201 2000 311 2036 goras
337 2000 417 2025 cum
442 1991 547 2026 modo
574 2002 618 2025 ex
645 1992 828 2025 consuetis
864 1992 989 2035 capitis
1015 1990 1197 2025 doloribus
1224 1991 1322 2024 vires
1363 1999 1555 2034 parumper
1576 1989 1678 2023 refe-

205 2039 335 2080 cisset,
369 2039 585 2074 invitaturus
612 2050 690 2073 eum
726 2039 768 2073 ab
806 2040 1022 2084 imperatore
1054 2039 1182 2072 missus
1220 2043 1274 2073 est
1310 2048 1459 2083 magnus
1491 2037 1678 2082 logotheta

205 2095 418 2132 quacunque
444 2087 489 2121 de
515 2097 640 2121 causa:
672 2088 765 2133 quod
793 2098 870 2121 cum
897 2097 1069 2121 excusare
1102 2096 1175 2119 non
1202 2091 1346 2130 posset,
1373 2096 1564 2131 assurgens
1590 2085 1679 2119 abiit

207 2139 244 2168 et
267 2134 452 2169 auditurus
480 2145 558 2169 eum
583 2136 662 2180 ipse
688 2141 859 2180 sequutus
886 2145 974 2169 sum.
1031 2144 1149 2169 serum
1184 2135 1252 2168 iam
1281 2135 1353 2169 diei
1380 2138 1456 2167 erat
1479 2138 1560 2178 post
1581 2132 1677 2167 ‘solis

203 2191 382 2216 occasum.
442 2193 485 2217 ac
519 2182 697 2228 Gregoras
724 2184 863 2228 quidem
904 2193 982 2215 cum
1008 2182 1213 2216 advenisset
1248 2187 1284 2215 et
1320 2181 1460 2215 solitam
1487 2181 1529 2214 ad
1554 2191 1677 2225 regem

203 2229 460 2264 allocutionem
488 2232 742 2275 expedivisset‚
770 2234 881 2276 (tum)
910 2230 1085 2264 consedit.
1131 2229 1222 2263 forte
1250 2235 1367 2264 autem
1394 2229 1535 2263 fortuna
1561 2229 1677 2263 statim

202 2276 253 2311 ibi
279 2277 384 2311 etiam
411 2277 570 2313 Palamas
606 2279 709 2313 simul
737 2279 896 2321 introiit,
924 2278 1072 2319 nescio,
1099 2282 1213 2311 utrum
1239 2283 1387 2322 propter
1420 2277 1512 2311 diem
1538 2276 1678 2311 iamda-

203 2326 284 2360 dum
311 2325 538 2360 constitutam
565 2327 792 2361 insidiaturus
819 2326 867 2359 ibi
895 2327 1050 2368 adesset,
1077 2335 1121 2359 an
1148 2335 1245 2367 casu,
1271 2331 1310 2359 ut
1334 2325 1531 2370 pleraeque
1555 2335 1614 2359 res
1640 2324 1677 2357 in

201 2378 297 2407 terra
326 2378 450 2417 gestae
477 2374 555 2408 fieri
579 2374 710 2409 solent.
748 2374 808 2419 qui
839 2385 916 2407 cum
936 2375 1053 2418 prisca
1076 2374 1318 2417 imprudenter
1345 2380 1380 2408 et
1398 2383 1490 2418 quae
1516 2372 1677 2406 oblivio..

201 2421 258 2454 nis
283 2420 483 2465 profundae
525 2421 727 2456 fluminibus
762 2422 909 2466 abrepta
939 2427 1084 2462 essent,
1118 2418 1219 2454 nullo
1258 2422 1361 2456 modo
1387 2421 1607 2465 pertinentia
1634 2423 1676 2456 ad

203 2478 280 2502 eam
306 2478 401 2511 rem,
437 2469 481 2503 de
516 2481 585 2515 qua
626 2476 698 2504 tum
728 2470 918 2515 agebatur,
956 2469 1166 2513 protulisset
1204 2474 1239 2502 et
1272 2469 1448 2515 gloriatus
1480 2474 1588 2511 esset,
1616 2471 1676 2514 qui

203 2521 280 2550 erat
305 2517 382 2550 eius
406 2526 496 2560 moS,
524 2523 559 2552 et
584 2519 627 2552 ad
652 2518 791 2551 laudem
830 2528 927 2551 suam
953 2517 1061 2551 multa
1098 2518 1143 2551 de
1171 2527 1211 2551 se
1246 2517 1442 2562 gloriosius
1467 2517 1676 2560 praedicas-

203 2569 270 2607 set,
298 2568 335 2598 et
359 2566 672 2600 commorationem
698 2567 735 2599 in
770 2571 974 2599 monastero
1010 2565 1136 2599 factam
1171 2570 1205 2598 et
1233 2564 1454 2610 colloquium
1482 2574 1559 2597 cum
1585 2564 1676 2599 Bar-

203 2611 320 2646 laamo
347 2611 546 2647 institutum
577 2619 612 2647 et
635 2614 720 2647 talia
750 2614 850 2656 fere,
888 2618 1073 2657 postquam
1099 2622 1204 2647 aures
1232 2621 1378 2654 eorum,
1420 2613 1480 2657 qui
1507 2617 1579 2645 tum
1610 2613 1676 2647 ad..

204 2664 318 2702 erant,
346 2659 511 2703 implevit
537 2667 572 2695 et
597 2666 762 2706 tanquam
781 2661 977 2695 iamdudum
996 2661 1235 2706 excogitatum
1263 2666 1297 2693 et
1316 2660 1525 2694 insidiosum
1551 2665 1677 2694 osten-

205 2707 257 2741 dit
281 2706 470 2741 consilium
487 2709 668 2743 adventus
697 2710 751 2743 sui
775 2709 935 2755 gloriosa
961 2710 1109 2753 quadam
1135 2708 1353 2742 iactationez
1380 2708 1564 2742 conticuit.
1621 2713 1679 2742 at..

204 2759 348 2800 que-ut
372 2765 464 2800 quae
490 2756 701 2802 interposita
737 2764 819 2791 sunt
858 2758 1012 2791 omittam
1050 2763 1085 2791 et
1111 2766 1346 2802 quaecunque
1378 2761 1482 2790 antea
1506 2765 1679 2797 necessu-

210 2802 275 2838 rii!
302 2801 457 2845 obstant,
485 2805 525 2839 ad
554 2805 642 2840 hacc
671 2807 915 2850 inexspectata
955 2810 990 2838 et
1015 2803 1271 2849 extemporalia
1305 2804 1545 2848 prooemiatus
1571 2813 1679 2848 prae-
