1826 3120
244 178 309 232 92
429 227 434 231 ,
570 231 573 233 ,
645 182 938 228 Nice-mom
983 179 1288 226 eREeonAE

242 308 322 334 σαν
353 288 595 342 ἐκτάξαντες
633 290 712 334 α’νοὶ
764 291 835 333 τὸν
879 286 980 349 ἑῷον
1019 285 1132 343 εἶχον
1162 285 1366 344 αἰγιαλόν,
1394 288 1491 341 τούς
1519 289 1566 333 δὲ
1589 289 1700 344 πέμ-

243 370 402 411 ψαντες
430 358 475 401 τὸ
506 360 579 400 τοῦ
613 359 810 400 Γαλάτου
843 361 1045 413 φρουρεῖν
1078 355 1456 410 προσετετάχεισαν
1489 358 1699 412 πολίχνιον

243 423 415 468 ἔνδοθέν
444 440 487 466 τε
516 426 589 466 καί
614 421 784 477 ἔξωθεν,
814 426 887 465 καί
907 420 1010 475 ,ἅμα
1039 420 1199 476 συχνάς
1229 423 1436 477 ἐκδρομὰς
1467 422 1541 466 καί
1566 440 1698 466 κατα-

243 491 403 546 δρομάς
430 493 705 543 ποιουμένους
734 490 956 544 ληΐζεσθαι
985 488 1036 531 τοὶ
1066 491 1146 531 ταῖν
1175 491 1422 541 Βυζαντίων
1449 490 1698 545 προάστεια,

243 557 316 600 καί
338 560 452 614 σφᾶς
482 558 784 611 α’ντιπερισπᾶν
810 557 853 604 ἐς
880 557 1010 598 οἰκεῖα
1040 555 1172 612 πάθη,
1216 558 1287 598 καί
1313 554 1371 610 μὴ
1403 555 1568 598 διδόναι
1595 565 1732 619 ogo-5

245 623 321 678 λὴν
344 623 449 679 μήθ’
481 621 538 674 αἷς
566 620 615 665 τά
649 622 781 664 πολλοὶ
806 628 889 670 τοῖς
919 626 1154 671 Βενετικοῖς
1176 627 1431 678 συμμαχεῖν,
1457 619 1554 678 μήτ’
1583 620 1699 677 ἔχειν

245 690 405 747 ῥᾳδίως
435 688 593 742 ἔξωθεν
625 689 871 744 τάπιτήδεια
905 689 1220 742 ἐσκομίζεσθαι.

98 779 101 782 -
156 761 230 795 26
365 752 419 799 ιῸ
452 755 503 811 δὴ
549 755 620 797 καί
655 753 842 808 μάλιστα
872 753 1035 797 πάντων
1074 753 1242 809 μακράν
1285 754 1498 812 ἐνεποίησε
1527 759 1701 810 Βυζαν-

242 823 344 871 τίοις
375 821 448 877 τήν
475 822 649 877 βλάβην.
709 822 815 877 υπὲρ
858 839 939 877 γαρ
973 822 1047 872 τὰς
1077 821 1357 864 ὀκτωκαίδεκα
1385 821 1586 876 χιλιάδας
1615 841 1701 866 πα-
1753 855 1755 857 .

242 890 575 964 ρεισενεχθέντος
617 890 667 946 τῇ
698 889 816 930 πόλει
847 889 1032 943 στρατοῦ
1073 890 1297 941 ναυτικοῦ,
1335 890 1499 931 πολλῶν
1525 890 1569 939 ἐς
1596 889 1701 945 ἦμέ-
1716 897 1758 932 10

244 971 322 1009 ραν
364 951 540 1010 ἑκάστην
585 970 755 1011 τροφων
784 957 1008 1008 δεομένου,
1051 953 1108 1009 μὴ
1155 952 1283 1008 μόνον
1328 951 1486 998 ἅπανθ’
1521 951 1615 1012 ἑξῆς
1657 957 1701 998 έν

242 1026 405 1077 βραχεῖ
425 1024 643 1074 σπανίζειν
681 1024 885 1076 ἐξεγένετο
915 1021 1166 1077 τάπιτήδεια
1195 1023 1474 1075 Βυζαντίοις,
1507 1022 1701 1066 ἁπάντων

241 1088 394 1143 σχεδὸν
423 1090 468 1131 ἐκ
506 1092 661 1130 πολλοῦ
690 1091 957 1143 πανταχόθεν
986 1090 1299 1132 α’ποκλεισθεῖσι
1331 1088 1402 1131 διὰ
1436 1090 1512 1140 τοὶς
1539 1088 1700 1146 μάχας,

242 1158 325 1198 τῶν
347 1171 390 1198 τε
423 1151 561 1198 αλλων
593 1155 724 1198 ὁπόσα
743 1159 951 1212 τραπέζης
982 1156 1212 1209 α’ναγκαιάς
1237 1157 1321 1199 εἰσί
1349 1155 1701 1214 προσφορήματα,

243 1224 316 1264 καί
345 1218 424 1265 ὅσα
455 1222 476 1264 ὅ
507 1225 651 1276 γείτων
680 1222 874 1279 πορθμὸς
903 1228 988 1270 τοῖς
1026 1223 1188 1264 ἁλιεῦσι
1223 1229 1399 1278 παρεῖχε
1429 1222 1479 1267 τοὶ
1509 1223 1700 1280 χρήσιμα
1716 1231 1763 1266 15

244 1291 286 1338 ἒς
311 1289 472 1344 ἡμέραν
500 1287 678 1346 ἑκάστην
709 1289 782 1331 τὸν
810 1287 977 1331 ἅπαντα
1005 1290 1172 1344 χρόνον,
1202 1291 1290 1331 ἀλλ’
1320 1286 1401 1345 ἤδη
1429 1292 1502 1333 καί
1531 1291 1552 1332 ὅ
1587 1296 1701 1340 σῖτος

247 1356 412 1411 ἡμερῶν
441 1355 591 1411 ὀλίγων
620 1359 663 1407 ἐς
690 1355 734 1399 τὸ
768 1355 989 1399 διπλάσιον
1017 1355 1191 1412 α’νήγετο
1221 1361 1297 1399 τοῦ
1323 1360 1430 1412 χθὲς
1460 1359 1535 1402 καί
1558 1355 1702 1414 πρώην

245 1423 488 1479 τιμήματος.
565 1420 665 1465 ὅθεν
691 1426 750 1472 εἰς
780 1425 960 1479 α’ποριάς
989 1422 1210 1467 ἐνέπιπτον
1242 1426 1360 1478 μάλα
1385 1423 1563 1481 μακροῖς,
1592 1424 1636 1467 οἵ
1660 1439 1703 1466 τε

243 1494 324 1532 τῶν
359 1492 587 1532 Βενετικῶν
627 1489 847 1545 ἡγεμόνες,
891 1492 1091 1532 α’κουσίου
1147 1489 1398 1547 δαπανώσης
1435 1490 1508 1533 τὸν
1551 1491 1704 1546 χρόνον

243 1555 572 1613 ἀπραγμοσύνης
611 1558 772 1609 αὐτῶν,
815 1554 883 1600 ὅτε
913 1556 1145 1613 ἐφιεμένων
1177 1557 1285 1612 μέν,
1338 1560 1413 1600 ουίι
1451 1557 1636 1613 ἐχόντων
1665 1559 1759 1600 ὁὨΟ

245 1619 345 1666 ὅθεν
377 1626 604 1678 ἐγχειροῖεν
635 1620 687 1666 (ἲν
717 1623 813 1675 τοὺς
842 1625 1066 1677 πολεμίους
1109 1624 1362 1678 α’μίνεσθαι,
1388 1625 1594 1681 α’σφαλῶς
1627 1625 1703 1666 οὕ-

244 1692 351 1733 τωσί
377 1693 698 1747 πεφραγμένους
728 1690 772 1732 ἔκ
804 1707 848 1732 τε
879 1694 951 1747 γῆς
985 1691 1056 1733 καί
1084 1690 1310 1748 θαλάττης,
1342 1692 1399 1741 ὥς
1428 1690 1603 1748 εἴρηται.
1633 1695 1705 1734 κατ’

242 1756 428 1812 μάλιστα
468 1759 632 1800 πάντων
660 1757 731 1814 τὴν
773 1760 850 1800 τοῦ
881 1761 1090 1812 βασιλέως
1133 1756 1280 1814 ψυχήν
1312 1758 1356 1802 αἱ
1385 1761 1466 1802 τῶν
1493 1761 1701 1814 λογισμῶν

246 1961 319 1985 ram
350 1955 502 1994 partem,
545 1962 645 1996 quam
687 1962 837 1986 necesse
876 1957 950 1986 erat
975 1952 1041 1986 sibi
1067 1952 1244 1994 auxiliari,
1280 1952 1322 1986 ad
1348 1961 1442 1986 oram
1468 1953 1504 1986 in
1531 1952 1703 1986 orientem

248 2003 466 2041 spectantem
511 1999 710 2041 collocant,
746 2000 890 2033 alteram
932 2005 1064 2044 partem
1092 1999 1236 2034 Galatae
1274 1999 1458 2034 castellum
1490 1999 1704 2033 intrinsecus

249 2050 355 2089 atque
382 2046 601 2079 extrinsecus
627 2047 717 2080 tueri
745 2047 949 2092 crebrisque
977 2047 1246 2080 excursionibus
1268 2052 1303 2079 et
1331 2046 1613 2090 expeditionibus
1626 2046 1703 2090 By-

248 2092 444 2126 zantiorum
471 2093 637 2127 suburbia
680 2094 850 2127 infestare
887 2100 921 2127 et
953 2094 1108 2137 diripere
1134 2094 1276 2134 iubent,
1302 2104 1348 2128 ne
1373 2094 1420 2136 ii,
1447 2094 1520 2128 suis
1547 2094 1701 2137 ipsorum

246 2139 352 2174 rebus
379 2140 543 2182 districti,
569 2140 679 2174 ullum
705 2151 849 2185 prorsus
877 2142 985 2175 otium
1015 2151 1123 2185 agere
1149 2146 1208 2174 aut
1233 2138 1376 2174 Venetis
1392 2165 1402 2183 ,
1429 2146 1468 2174 ut
1492 2145 1595 2174 antea
1619 2139 1702 2184 ple-

247 2197 406 2231 rumque,
438 2197 540 2232 opem
570 2188 663 2222 ferre
689 2194 748 2222 aut
774 2188 856 2233 quid
887 2194 1099 2222 commeatus
1121 2189 1340 2222 extrinsecus
1367 2188 1474 2221 facile
1504 2187 1704 2222 subvehere

245 2234 393 2278 possint.

386 2299 459 2333 liae
492 2310 531 2333 re
564 2301 722 2334 maximis
759 2301 891 2334 damnis
917 2299 1229 2344 Byzantii=affecti
1273 2304 1363 2333 sunt.
1423 2299 1571 2344 amplius
1615 2300 1706 2333 enim

253 2347 502 2391 duodeviginti
528 2347 670 2382 milibus
698 2348 925 2382 classicorum
946 2348 1093 2381 militum
1118 2347 1152 2380 in
1171 2348 1259 2380 urbe
1285 2347 1525 2391 congregatis,
1551 2346 1610 2391 qui
1634 2346 1705 2379 ali-

250 2395 379 2428 mentis
403 2394 495 2428 haud
522 2395 661 2439 exiguis
687 2396 722 2428 in
750 2395 910 2440 singulos
928 2396 1003 2429 dies
1027 2394 1243 2439 indigebant,
1270 2393 1395 2427 sactum
1419 2399 1485 2435 est,
1510 2399 1548 2426 ut
1562 2393 1705 2437 Byzan-

250 2441 319 2475 tios
347 2452 390 2475 ex
416 2441 524 2486 longo
552 2442 620 2475 iam
648 2447 807 2486 tempore
831 2443 990 2476 omnihus
1018 2443 1092 2475 sere
1117 2441 1221 2485 rebus
1238 2441 1351 2486 ‘quum
1378 2440 1472 2482 aliis,
1498 2450 1583 2484 quas
1608 2440 1704 2474 tenui

248 2499 392 2522 mensae
419 2490 548 2532 apponi
575 2499 725 2523 necesse
753 2495 818 2531 est,
846 2495 916 2523 tum
943 2491 1008 2531 iis,
1035 2499 1119 2533 quas
1147 2489 1273 2521 fretum
1291 2488 1446 2521 vicinum
1471 2487 1705 2531 piscatoribus

248 2536 407 2580 quotidie
441 2547 506 2580 per
541 2547 642 2569 omne
682 2547 805 2570 aevum
833 2536 1138 2578 subministrabat,
1165 2541 1309 2579 propter
1334 2534 1429 2568 bella
1454 2535 1610 2578 undique
1639 2545 1704 2567 ex-

246 2583 365 2616 clusos
392 2583 491 2616 brevi
515 2588 676 2627 tempore
700 2594 771 2618 non
798 2584 910 2617 solum
932 2594 1051 2617 omnes
1075 2583 1241 2626 deinceps
1268 2593 1323 2615 res
1349 2583 1391 2616 ad
1416 2581 1546 2615 victum
1573 2591 1704 2615 neces-

247 2630 364 2663 sariae
390 2630 542 2664 deficere
568 2632 782 2674 inciperent,
808 2641 929 2664 verum
966 2631 1067 2664 etiam
1094 2640 1283 2674 paucorum
1311 2630 1444 2662 dierum
1471 2629 1636 2663 alimenta
1662 2628 1704 2661 ad

246 2677 399 2720 duplex,
437 2687 504 2722 quo
540 2688 652 2721 nuper
681 2678 899 2719 constabant,
934 2679 1083 2721 pretium
1111 2676 1360 2711 eveherentur.
1413 2686 1520 2719 quare
1546 2676 1704 2709 Veneto-

248 2734 321 2757 rum
351 2724 460 2758 duces
487 2726 522 2757 in
548 2735 696 2759 summas
722 2736 838 2759 rerum
863 2726 1043 2770 angustias
1068 2725 1206 2759 deducti
1235 2729 1334 2766 sunt,
1361 2723 1495 2757 desidia
1520 2723 1610 2757 haud
1636 2731 1705 2757 vo..

248 2771 399 2805 luntaria
430 2777 567 2815 tempus
593 2772 809 2816 absumente,
838 2774 968 2817 quippe
996 2784 1098 2818 quum
1126 2772 1245 2807 hostes
1270 2776 1338 2805 tam
1368 2770 1524 2814 firmiter,
1550 2776 1589 2805 ut
1612 2770 1706 2805 dixi-
