<?xml version="1.0" encoding="UTF-8"?>
<!DOCTYPE html PUBLIC "-//W3C//DTD XHTML 1.0 Transitional//EN"
    "http://www.w3.org/TR/xhtml1/DTD/xhtml1-transitional.dtd">
<html xmlns="http://www.w3.org/1999/xhtml" xml:lang="en" lang="en">
 <head>
  <title>
</title>
<meta http-equiv="Content-Type" content="text/html;charset=utf-8" />
  <meta name='ocr-system' content='tesseract 3.04.00' />
  <meta name='ocr-capabilities' content='ocr_page ocr_carea ocr_par ocr_line ocrx_word'/>
</head>
<body>
  <div class='ocr_page' id='page_1' title='image "./corpusscriptorum40niebuoft_0344.png"; bbox 0 0 1826 3120; ppageno 0'>
   <div class='ocr_carea' id='block_1_1' title="bbox 205 170 1243 220">
    <p class='ocr_par' dir='ltr' id='par_1_1' title="bbox 205 170 1243 220">
     <span class='ocr_line' id='line_1_1' title="bbox 205 170 1243 220; baseline -0.001 -3"><span class='ocrx_word' id='word_1_1' title='bbox 205 170 302 218; x_wconf 77' lang='lat'>332</span> <span class='ocrx_word' id='word_1_2' title='bbox 600 176 894 220; x_wconf 79' lang='lat' dir='ltr'>NICEPHORI</span> <span class='ocrx_word' id='word_1_3' title='bbox 938 174 1164 217; x_wconf 83' lang='lat' dir='ltr'>GREGOR</span> <span class='ocrx_word' id='word_1_4' title='bbox 1171 172 1243 217; x_wconf 82' lang='grc' dir='ltr'>ΑΕ</span> 
     </span>
    </p>
   </div>
   <div class='ocr_carea' id='block_1_2' title="bbox 112 277 1717 1675">
    <p class='ocr_par' dir='ltr' id='par_1_2' title="bbox 112 277 1717 1673">
     <span class='ocr_line' id='line_1_2' title="bbox 205 277 1659 339; baseline 0.001 -17"><span class='ocrx_word' id='word_1_5' title='bbox 205 279 422 336; x_wconf 83' lang='grc' dir='ltr'><strong><em>εἶρωνικόν</em></strong></span> <span class='ocrx_word' id='word_1_6' title='bbox 469 298 560 323; x_wconf 89' lang='grc' dir='ltr'><strong><em>τινα</em></strong></span> <span class='ocrx_word' id='word_1_7' title='bbox 608 280 837 338; x_wconf 75' lang='grc' dir='ltr'><strong><em>ὀφθαλμόν</em></strong></span> <span class='ocrx_word' id='word_1_8' title='bbox 875 280 988 339; x_wconf 76' lang='grc' dir='ltr'><strong><em>αὐτῷ</em></strong></span> <span class='ocrx_word' id='word_1_9' title='bbox 1026 281 1313 335; x_wconf 83' lang='grc' dir='ltr'><strong><em>ἐπιρρίψαντα</em></strong></span> <span class='ocrx_word' id='word_1_10' title='bbox 1346 279 1479 337; x_wconf 90' lang='grc' dir='ltr'><strong><em>φάναι</em></strong></span> <span class='ocrx_word' id='word_1_11' title='bbox 1510 277 1659 324; x_wconf 67' lang='grc' dir='ltr'><strong><em>τοιαδί.</em></strong></span> 
     </span>
     <span class='ocr_line' id='line_1_3' title="bbox 112 344 1658 411; baseline 0.001 -22"><span class='ocrx_word' id='word_1_12' title='bbox 112 345 308 401; x_wconf 71' lang='lat' dir='ltr'>⁰⁵“⁶&#39;r⁰3</span> <span class='ocrx_word' id='word_1_13' title='bbox 338 349 385 389; x_wconf 79' lang='grc' dir='ltr'>δέ</span> <span class='ocrx_word' id='word_1_14' title='bbox 413 363 461 390; x_wconf 88' lang='grc' dir='ltr'><strong><em>σε</em></strong></span> <span class='ocrx_word' id='word_1_15' title='bbox 489 350 561 403; x_wconf 79' lang='grc' dir='ltr'>τῆς</span> <span class='ocrx_word' id='word_1_16' title='bbox 607 348 796 401; x_wconf 86' lang='grc' dir='ltr'><strong><em>α’μαθιάς</em></strong></span> <span class='ocrx_word' id='word_1_17' title='bbox 826 349 898 390; x_wconf 86' lang='grc' dir='ltr'><em>καί</em></span> <span class='ocrx_word' id='word_1_18' title='bbox 926 348 1141 411; x_wconf 82' lang='grc' dir='ltr'><strong><em>α’ναιδειάς</em></strong></span> <span class='ocrx_word' id='word_1_19' title='bbox 1181 348 1412 401; x_wconf 84' lang='grc' dir='ltr'><strong><em>οικτείρων,</em></strong></span> <span class='ocrx_word' id='word_1_20' title='bbox 1447 344 1658 405; x_wconf 75' lang='grc' dir='ltr'><strong><em>ἄνθρωπε,</em></strong></span> 
     </span>
     <span class='ocr_line' id='line_1_4' title="bbox 201 412 1660 480; baseline 0.003 -26"><span class='ocrx_word' id='word_1_21' title='bbox 201 412 412 467; x_wconf 75' lang='grc' dir='ltr'><strong><em>βούλομαι</em></strong></span> <span class='ocrx_word' id='word_1_22' title='bbox 440 417 512 456; x_wconf 85' lang='grc' dir='ltr'>καί</span> <span class='ocrx_word' id='word_1_23' title='bbox 538 418 624 471; x_wconf 82' lang='grc' dir='ltr'><strong><em>νῦν,</em></strong></span> <span class='ocrx_word' id='word_1_24' title='bbox 654 414 791 457; x_wconf 82' lang='grc' dir='ltr'>ὁπόσα</span> <span class='ocrx_word' id='word_1_25' title='bbox 818 414 892 471; x_wconf 80' lang='grc' dir='ltr'>την</span> <span class='ocrx_word' id='word_1_26' title='bbox 922 418 994 470; x_wconf 81' lang='grc' dir='ltr'>τῆς</span> <span class='ocrx_word' id='word_1_27' title='bbox 1039 419 1194 472; x_wconf 75' lang='grc' dir='ltr'><strong><em>σοφίας</em></strong></span> <span class='ocrx_word' id='word_1_28' title='bbox 1220 413 1367 473; x_wconf 75' lang='grc' dir='ltr'><strong><em>φωνήν</em></strong></span> <span class='ocrx_word' id='word_1_29' title='bbox 1395 417 1558 471; x_wconf 80' lang='grc' dir='ltr'><strong><em>διαιρεῖ</em></strong></span> <span class='ocrx_word' id='word_1_30' title='bbox 1577 433 1660 480; x_wconf 75' lang='grc' dir='ltr'>ση-</span> 
     </span>
     <span class='ocr_line' id='line_1_5' title="bbox 200 479 1658 540; baseline 0.003 -19"><span class='ocrx_word' id='word_1_31' title='bbox 200 479 452 532; x_wconf 85' lang='grc' dir='ltr'><strong><em>μαινόμενα,</em></strong></span> <span class='ocrx_word' id='word_1_32' title='bbox 479 484 655 538; x_wconf 72' lang='grc' dir='ltr'><strong><em>προθείς</em></strong></span> <span class='ocrx_word' id='word_1_33' title='bbox 684 482 787 524; x_wconf 75' lang='grc' dir='ltr'><strong><em>κατὰ</em></strong></span> <span class='ocrx_word' id='word_1_34' title='bbox 819 481 917 532; x_wconf 78' lang='grc' dir='ltr'><strong><em>τούς</em></strong></span> <span class='ocrx_word' id='word_1_35' title='bbox 948 485 1020 538; x_wconf 85' lang='grc' dir='ltr'>τῆς</span> <span class='ocrx_word' id='word_1_36' title='bbox 1041 485 1270 540; x_wconf 79' lang='grc' dir='ltr'><em>ἐπιστήμης</em></span> <span class='ocrx_word' id='word_1_37' title='bbox 1297 483 1466 535; x_wconf 78' lang='grc' dir='ltr'><strong><em>διδάξαι</em></strong></span> <span class='ocrx_word' id='word_1_38' title='bbox 1495 484 1658 539; x_wconf 85' lang='grc' dir='ltr'><strong><em>λόγους,</em></strong></span> 
     </span>
     <span class='ocr_line' id='line_1_6' title="bbox 204 542 1691 606; baseline 0.003 -20"><span class='ocrx_word' id='word_1_39' title='bbox 204 543 309 596; x_wconf 75' lang='grc' dir='ltr'><strong><em>ὥς</em></strong></span> <span class='ocrx_word' id='word_1_40' title='bbox 288 542 341 587; x_wconf 87' lang='grc' dir='ltr'><strong><em>α“ν</em></strong></span> <span class='ocrx_word' id='word_1_41' title='bbox 366 546 508 605; x_wconf 80' lang='grc' dir='ltr'><strong><em>μάθῃς</em></strong></span> <span class='ocrx_word' id='word_1_42' title='bbox 537 550 736 591; x_wconf 82' lang='grc' dir='ltr'><strong><em>ἐντειθεν</em></strong></span> <span class='ocrx_word' id='word_1_43' title='bbox 777 550 838 598; x_wconf 80' lang='grc' dir='ltr'>εἷς</span> <span class='ocrx_word' id='word_1_44' title='bbox 881 545 978 592; x_wconf 82' lang='grc' dir='ltr'><strong><em>ὅσον</em></strong></span> <span class='ocrx_word' id='word_1_45' title='bbox 1019 547 1185 592; x_wconf 78' lang='grc' dir='ltr'><strong><em>ἐλαύνει</em></strong></span> <span class='ocrx_word' id='word_1_46' title='bbox 1223 553 1370 600; x_wconf 85' lang='grc' dir='ltr'><strong><em>κακιάς</em></strong></span> <span class='ocrx_word' id='word_1_47' title='bbox 1399 553 1691 606; x_wconf 78' lang='grc' dir='ltr'><strong><em>βωμολοχεΐνδ</em></strong></span> 
     </span>
     <span class='ocr_line' id='line_1_7' title="bbox 203 607 1659 694; baseline 0.004 -40"><span class='ocrx_word' id='word_1_48' title='bbox 203 613 276 654; x_wconf 83' lang='grc' dir='ltr'><em>καί</em></span> <span class='ocrx_word' id='word_1_49' title='bbox 315 607 557 665; x_wconf 79' lang='grc' dir='ltr'><strong><em>διαβάλλειν</em></strong></span> <span class='ocrx_word' id='word_1_50' title='bbox 587 615 780 694; x_wconf 35' lang='lat' dir='ltr'>”dvaa&#39;dqv</span> <span class='ocrx_word' id='word_1_51' title='bbox 817 615 890 666; x_wconf 80' lang='grc' dir='ltr'>τάς</span> <span class='ocrx_word' id='word_1_52' title='bbox 931 619 1052 666; x_wconf 86' lang='grc' dir='ltr'><strong><em>θειάς</em></strong></span> <span class='ocrx_word' id='word_1_53' title='bbox 1095 612 1280 694; x_wconf 84' lang='grc' dir='ltr'><strong><em>γραφάς.</em></strong></span> <span class='ocrx_word' id='word_1_54' title='bbox 1353 617 1659 678; x_wconf 72' lang='grc' dir='ltr'>ἀκολουθητέον</span> 
     </span>
     <span class='ocr_line' id='line_1_8' title="bbox 203 673 1657 743; baseline 0.003 -22"><span class='ocrx_word' id='word_1_55' title='bbox 203 675 280 722; x_wconf 91' lang='grc' dir='ltr'>ουν</span> <span class='ocrx_word' id='word_1_56' title='bbox 312 680 411 735; x_wconf 78' lang='grc' dir='ltr'><strong><em>ἡμῖν</em></strong></span> <span class='ocrx_word' id='word_1_57' title='bbox 441 682 532 723; x_wconf 83' lang='grc' dir='ltr'><strong><em>ἐστι</em></strong></span> <span class='ocrx_word' id='word_1_58' title='bbox 556 684 606 739; x_wconf 85' lang='grc' dir='ltr'>τῇ</span> <span class='ocrx_word' id='word_1_59' title='bbox 633 686 715 724; x_wconf 77' lang='grc' dir='ltr'>τῶν</span> <span class='ocrx_word' id='word_1_60' title='bbox 744 685 874 725; x_wconf 72' lang='grc' dir='ltr'><strong><em>θείων</em></strong></span> <span class='ocrx_word' id='word_1_61' title='bbox 913 686 1104 739; x_wconf 79' lang='grc' dir='ltr'><strong><em>πατέρων</em></strong></span> <span class='ocrx_word' id='word_1_62' title='bbox 1142 673 1364 726; x_wconf 83' lang='grc' dir='ltr'><strong><em>κανταῦθα</em></strong></span> <span class='ocrx_word' id='word_1_63' title='bbox 1394 684 1657 743; x_wconf 71' lang='grc' dir='ltr'><strong><em>διδασκαλίαι.</em></strong></span> 
     </span>
     <span class='ocr_line' id='line_1_9' title="bbox 202 746 1661 805; baseline 0.002 -16"><span class='ocrx_word' id='word_1_64' title='bbox 202 752 359 789; x_wconf 78' lang='grc' dir='ltr'><strong><em>νοεῖται</em></strong></span> <span class='ocrx_word' id='word_1_65' title='bbox 386 750 465 800; x_wconf 81' lang='grc' dir='ltr'><strong><em>μὲν</em></strong></span> <span class='ocrx_word' id='word_1_66' title='bbox 480 746 561 803; x_wconf 81' lang='grc' dir='ltr'>γάρ</span> <span class='ocrx_word' id='word_1_67' title='bbox 588 748 614 804; x_wconf 80' lang='grc' dir='ltr'><em>ἦ</em></span> <span class='ocrx_word' id='word_1_68' title='bbox 646 750 778 805; x_wconf 81' lang='grc' dir='ltr'><strong><em>σοφία</em></strong></span> <span class='ocrx_word' id='word_1_69' title='bbox 810 751 938 804; x_wconf 74' lang='grc' dir='ltr'><strong><em>διχῶς</em></strong></span> <span class='ocrx_word' id='word_1_70' title='bbox 970 749 1075 792; x_wconf 84' lang='grc' dir='ltr'><strong><em>κατὰ</em></strong></span> <span class='ocrx_word' id='word_1_71' title='bbox 1106 748 1152 792; x_wconf 82' lang='grc' dir='ltr'>τό</span> <span class='ocrx_word' id='word_1_72' title='bbox 1184 749 1345 793; x_wconf 85' lang='grc' dir='ltr'><strong><em>κτιστὸν</em></strong></span> <span class='ocrx_word' id='word_1_73' title='bbox 1365 766 1435 792; x_wconf 89' lang='grc' dir='ltr'>και</span> <span class='ocrx_word' id='word_1_74' title='bbox 1461 750 1508 792; x_wconf 84' lang='grc' dir='ltr'><strong><em>τό</em></strong></span> <span class='ocrx_word' id='word_1_75' title='bbox 1543 746 1661 794; x_wconf 78' lang='grc' dir='ltr'><strong><em>ἇκτι-</em></strong></span> 
     </span>
     <span class='ocr_line' id='line_1_10' title="bbox 201 814 1660 874; baseline 0.003 -19"><span class='ocrx_word' id='word_1_76' title='bbox 201 830 310 856; x_wconf 87' lang='grc' dir='ltr'><strong><em>στον.</em></strong></span> <span class='ocrx_word' id='word_1_77' title='bbox 369 814 440 856; x_wconf 81' lang='grc' dir='ltr'><strong><em>καί</em></strong></span> <span class='ocrx_word' id='word_1_78' title='bbox 467 814 610 872; x_wconf 83' lang='grc' dir='ltr'><strong><em>κτιστὴ</em></strong></span> <span class='ocrx_word' id='word_1_79' title='bbox 644 817 722 869; x_wconf 88' lang='grc' dir='ltr'><strong><em>μὲν</em></strong></span> <span class='ocrx_word' id='word_1_80' title='bbox 759 821 920 872; x_wconf 87' lang='grc' dir='ltr'><strong><em>λέγεται</em></strong></span> <span class='ocrx_word' id='word_1_81' title='bbox 962 820 1094 874; x_wconf 86' lang='grc' dir='ltr'><strong><em>σοφιά</em></strong></span> <span class='ocrx_word' id='word_1_82' title='bbox 1127 815 1153 873; x_wconf 78' lang='grc' dir='ltr'><strong><em>ἦ</em></strong></span> <span class='ocrx_word' id='word_1_83' title='bbox 1182 833 1224 859; x_wconf 86' lang='grc' dir='ltr'>τε</span> <span class='ocrx_word' id='word_1_84' title='bbox 1263 816 1530 872; x_wconf 77' lang='grc' dir='ltr'><strong><em>ἕντεθειμένη</em></strong></span> <span class='ocrx_word' id='word_1_85' title='bbox 1554 817 1660 873; x_wconf 85' lang='grc' dir='ltr'><strong><em>πρὸς</em></strong></span> 
     </span>
     <span class='ocr_line' id='line_1_11' title="bbox 202 881 1717 941; baseline 0.005 -20"><span class='ocrx_word' id='word_1_86' title='bbox 202 882 307 922; x_wconf 79' lang='grc' dir='ltr'><strong><em>θεοῦ</em></strong></span> <span class='ocrx_word' id='word_1_87' title='bbox 333 885 406 924; x_wconf 86' lang='grc' dir='ltr'><strong><em>καί</em></strong></span> <span class='ocrx_word' id='word_1_88' title='bbox 430 885 830 940; x_wconf 85' lang='grc' dir='ltr'><strong><em>συναπειργασμένη</em></strong></span> <span class='ocrx_word' id='word_1_89' title='bbox 867 890 952 935; x_wconf 77' lang='grc' dir='ltr'><strong><em>τοῖς</em></strong></span> <span class='ocrx_word' id='word_1_90' title='bbox 980 888 1216 938; x_wconf 76' lang='grc' dir='ltr'><strong><em>κτίσμασιν,</em></strong></span> <span class='ocrx_word' id='word_1_91' title='bbox 1246 885 1314 926; x_wconf 81' lang='grc' dir='ltr'>ἵνα</span> <span class='ocrx_word' id='word_1_92' title='bbox 1345 882 1457 941; x_wconf 86' lang='grc' dir='ltr'><strong><em>σοφά</em></strong></span> <span class='ocrx_word' id='word_1_93' title='bbox 1479 900 1525 927; x_wconf 88' lang='grc' dir='ltr'>τε</span> <span class='ocrx_word' id='word_1_94' title='bbox 1554 881 1656 926; x_wconf 76' lang='grc' dir='ltr'><strong><em>κατὰ</em></strong></span> <span class='ocrx_word' id='word_1_95' title='bbox 1674 892 1717 929; x_wconf 83' lang='grc'>10</span> 
     </span>
     <span class='ocr_line' id='line_1_12' title="bbox 202 946 1660 1009; baseline 0.002 -20"><span class='ocrx_word' id='word_1_96' title='bbox 202 946 272 989; x_wconf 84' lang='grc' dir='ltr'>τόν</span> <span class='ocrx_word' id='word_1_97' title='bbox 309 951 442 1003; x_wconf 85' lang='grc' dir='ltr'><strong><em>μέγαν</em></strong></span> <span class='ocrx_word' id='word_1_98' title='bbox 478 949 738 994; x_wconf 79' lang='grc' dir='ltr'><strong><em>Ἀθανάσιον</em></strong></span> <span class='ocrx_word' id='word_1_99' title='bbox 768 954 968 1009; x_wconf 80' lang='grc' dir='ltr'><strong><em>φαίνηται</em></strong></span> <span class='ocrx_word' id='word_1_100' title='bbox 1008 954 1112 994; x_wconf 81' lang='grc' dir='ltr'><strong><em>πᾶσι</em></strong></span> <span class='ocrx_word' id='word_1_101' title='bbox 1152 954 1224 994; x_wconf 85' lang='grc' dir='ltr'><em>καί</em></span> <span class='ocrx_word' id='word_1_102' title='bbox 1252 948 1342 1005; x_wconf 78' lang='grc' dir='ltr'><strong><em>ἅμα</em></strong></span> <span class='ocrx_word' id='word_1_103' title='bbox 1377 951 1454 993; x_wconf 85' lang='grc' dir='ltr'>τοῦ</span> <span class='ocrx_word' id='word_1_104' title='bbox 1483 966 1660 1006; x_wconf 85' lang='grc' dir='ltr'><strong><em>πεποιη-</em></strong></span> 
     </span>
     <span class='ocr_line' id='line_1_13' title="bbox 202 1013 1661 1074; baseline 0.001 -18"><span class='ocrx_word' id='word_1_105' title='bbox 202 1013 319 1064; x_wconf 81' lang='grc' dir='ltr'><strong><em>κότος</em></strong></span> <span class='ocrx_word' id='word_1_106' title='bbox 351 1013 462 1068; x_wconf 81' lang='grc' dir='ltr'><strong><em>ἇξια.</em></strong></span> <span class='ocrx_word' id='word_1_107' title='bbox 521 1019 618 1059; x_wconf 89' lang='grc' dir='ltr'><strong><em>καθ’</em></strong></span> <span class='ocrx_word' id='word_1_108' title='bbox 650 1016 673 1058; x_wconf 76' lang='grc' dir='ltr'>ὃ</span> <span class='ocrx_word' id='word_1_109' title='bbox 704 1019 1009 1074; x_wconf 67' lang='grc' dir='ltr'><strong><em>σημαινόμενον</em></strong></span> <span class='ocrx_word' id='word_1_110' title='bbox 1050 1020 1121 1060; x_wconf 80' lang='grc' dir='ltr'>καί</span> <span class='ocrx_word' id='word_1_111' title='bbox 1147 1020 1290 1072; x_wconf 81' lang='grc' dir='ltr'><strong><em>Δαβίδ</em></strong></span> <span class='ocrx_word' id='word_1_112' title='bbox 1328 1018 1423 1067; x_wconf 80' lang='grc' dir='ltr'><strong><em>τούς</em></strong></span> <span class='ocrx_word' id='word_1_113' title='bbox 1450 1033 1495 1059; x_wconf 82' lang='grc' dir='ltr'>τε</span> <span class='ocrx_word' id='word_1_114' title='bbox 1526 1017 1661 1071; x_wconf 81' lang='grc' dir='ltr'><strong><em>ου’ρα-</em></strong></span> 
     </span>
     <span class='ocr_line' id='line_1_14' title="bbox 201 1080 1660 1141; baseline 0.003 -18"><span class='ocrx_word' id='word_1_115' title='bbox 201 1081 301 1130; x_wconf 72' lang='grc' dir='ltr'><strong><em>νοτὶς</em></strong></span> <span class='ocrx_word' id='word_1_116' title='bbox 338 1080 411 1137; x_wconf 79' lang='grc' dir='ltr'>τὴν</span> <span class='ocrx_word' id='word_1_117' title='bbox 454 1086 531 1126; x_wconf 80' lang='grc' dir='ltr'>τοῦ</span> <span class='ocrx_word' id='word_1_118' title='bbox 558 1086 665 1126; x_wconf 83' lang='grc' dir='ltr'><strong><em>θεοῦ</em></strong></span> <span class='ocrx_word' id='word_1_119' title='bbox 691 1087 931 1140; x_wconf 79' lang='grc' dir='ltr'><strong><em>διηγεῖσθαι</em></strong></span> <span class='ocrx_word' id='word_1_120' title='bbox 978 1080 1105 1136; x_wconf 83' lang='grc' dir='ltr'><strong><em>δόξαν</em></strong></span> <span class='ocrx_word' id='word_1_121' title='bbox 1146 1086 1274 1140; x_wconf 76' lang='grc' dir='ltr'><strong><em>φησίν</em></strong></span> <span class='ocrx_word' id='word_1_122' title='bbox 1313 1082 1660 1141; x_wconf 23' lang='grc' dir='ltr'><strong><em>α’λαλὴτοιςπφω-</em></strong></span> 
     </span>
     <span class='ocr_line' id='line_1_15' title="bbox 112 1147 1658 1208; baseline 0.003 -19"><span class='ocrx_word' id='word_1_123' title='bbox 112 1153 318 1202; x_wconf 50' lang='lat' dir='ltr'>nevath,</span> <span class='ocrx_word' id='word_1_124' title='bbox 359 1149 430 1191; x_wconf 83' lang='grc' dir='ltr'>καί</span> <span class='ocrx_word' id='word_1_125' title='bbox 473 1147 562 1204; x_wconf 76' lang='grc' dir='ltr'><strong><em>ἅμα</em></strong></span> <span class='ocrx_word' id='word_1_126' title='bbox 603 1153 740 1193; x_wconf 86' lang='grc' dir='ltr'><strong><em>πᾶσαν</em></strong></span> <span class='ocrx_word' id='word_1_127' title='bbox 788 1151 1062 1208; x_wconf 79' lang='grc' dir='ltr'><strong><em>προτρέπεται</em></strong></span> <span class='ocrx_word' id='word_1_128' title='bbox 1106 1153 1235 1193; x_wconf 86' lang='grc' dir='ltr'><strong><em>κτίσιν</em></strong></span> <span class='ocrx_word' id='word_1_129' title='bbox 1272 1151 1330 1200; x_wconf 83' lang='grc' dir='ltr'>εἷς</span> <span class='ocrx_word' id='word_1_130' title='bbox 1368 1147 1501 1204; x_wconf 72' lang='grc' dir='ltr'><strong><em>ὕμνον</em></strong></span> <span class='ocrx_word' id='word_1_131' title='bbox 1540 1152 1658 1208; x_wconf 71' lang='grc' dir='ltr'><strong><em>θεοῦ,</em></strong></span> 
     </span>
     <span class='ocr_line' id='line_1_16' title="bbox 199 1210 1716 1274; baseline 0.004 -17"><span class='ocrx_word' id='word_1_132' title='bbox 199 1210 273 1270; x_wconf 74' lang='grc' dir='ltr'>ὅση</span> <span class='ocrx_word' id='word_1_133' title='bbox 305 1218 388 1258; x_wconf 80' lang='grc' dir='ltr'>τῶν</span> <span class='ocrx_word' id='word_1_134' title='bbox 418 1215 627 1272; x_wconf 73' lang='grc' dir='ltr'><strong><em>ἐμψύχων</em></strong></span> <span class='ocrx_word' id='word_1_135' title='bbox 659 1234 702 1259; x_wconf 87' lang='grc' dir='ltr'>τε</span> <span class='ocrx_word' id='word_1_136' title='bbox 731 1219 803 1260; x_wconf 83' lang='grc' dir='ltr'>καί</span> <span class='ocrx_word' id='word_1_137' title='bbox 827 1220 885 1273; x_wconf 82' lang='grc' dir='ltr'>μη</span> <span class='ocrx_word' id='word_1_138' title='bbox 907 1251 917 1271; x_wconf 90' lang='grc'>,</span> <span class='ocrx_word' id='word_1_139' title='bbox 959 1220 1031 1260; x_wconf 84' lang='grc' dir='ltr'><em>καί</em></span> <span class='ocrx_word' id='word_1_140' title='bbox 1075 1215 1151 1274; x_wconf 77' lang='grc' dir='ltr'>ὅση</span> <span class='ocrx_word' id='word_1_141' title='bbox 1193 1220 1274 1260; x_wconf 77' lang='grc' dir='ltr'>τῶν</span> <span class='ocrx_word' id='word_1_142' title='bbox 1304 1220 1559 1274; x_wconf 78' lang='grc' dir='ltr'><strong><em>αἰσθητικῶν</em></strong></span> <span class='ocrx_word' id='word_1_143' title='bbox 1589 1217 1716 1263; x_wconf 80' lang='grc' dir='ltr'>καί15</span> 
     </span>
     <span class='ocr_line' id='line_1_17' title="bbox 196 1281 1658 1339; baseline 0.001 -16"><span class='ocrx_word' id='word_1_144' title='bbox 196 1281 271 1337; x_wconf 76' lang='grc' dir='ltr'>μή.</span> <span class='ocrx_word' id='word_1_145' title='bbox 330 1282 401 1324; x_wconf 81' lang='grc' dir='ltr'><em>καί</em></span> <span class='ocrx_word' id='word_1_146' title='bbox 429 1282 489 1326; x_wconf 83' lang='grc' dir='ltr'>ἔτι</span> <span class='ocrx_word' id='word_1_147' title='bbox 522 1282 547 1338; x_wconf 78' lang='grc' dir='ltr'>ἢ</span> <span class='ocrx_word' id='word_1_148' title='bbox 578 1290 661 1334; x_wconf 79' lang='grc' dir='ltr'><strong><em>τοῖς</em></strong></span> <span class='ocrx_word' id='word_1_149' title='bbox 695 1286 1012 1337; x_wconf 83' lang='grc' dir='ltr'><strong><em>διδασκομένοις</em></strong></span> <span class='ocrx_word' id='word_1_150' title='bbox 1053 1287 1250 1339; x_wconf 82' lang='grc' dir='ltr'><strong><em>ἐντέχνως</em></strong></span> <span class='ocrx_word' id='word_1_151' title='bbox 1279 1287 1324 1327; x_wconf 84' lang='grc' dir='ltr'><strong><em>ἐκ</em></strong></span> <span class='ocrx_word' id='word_1_152' title='bbox 1351 1283 1658 1339; x_wconf 73' lang='grc' dir='ltr'><strong><em>προϋπαρχού-</em></strong></span> 
     </span>
     <span class='ocr_line' id='line_1_18' title="bbox 199 1346 1657 1409; baseline 0.001 -18"><span class='ocrx_word' id='word_1_153' title='bbox 199 1366 274 1405; x_wconf 87' lang='grc' dir='ltr'><strong><em>σης</em></strong></span> <span class='ocrx_word' id='word_1_154' title='bbox 300 1351 459 1403; x_wconf 75' lang='grc' dir='ltr'><strong><em>γίνεται</em></strong></span> <span class='ocrx_word' id='word_1_155' title='bbox 490 1348 694 1403; x_wconf 68' lang='grc' dir='ltr'><strong><em>γνώσεως.</em></strong></span> <span class='ocrx_word' id='word_1_156' title='bbox 765 1354 809 1394; x_wconf 82' lang='grc' dir='ltr'><strong><em>ἐν</em></strong></span> <span class='ocrx_word' id='word_1_157' title='bbox 849 1346 877 1409; x_wconf 84' lang='grc' dir='ltr'><em>ᾗ</em></span> <span class='ocrx_word' id='word_1_158' title='bbox 908 1353 954 1394; x_wconf 78' lang='grc' dir='ltr'>τὸ</span> <span class='ocrx_word' id='word_1_159' title='bbox 999 1353 1154 1394; x_wconf 84' lang='grc' dir='ltr'><strong><em>εἰδέναι</em></strong></span> <span class='ocrx_word' id='word_1_160' title='bbox 1202 1352 1273 1394; x_wconf 82' lang='grc' dir='ltr'><strong><em>καί</em></strong></span> <span class='ocrx_word' id='word_1_161' title='bbox 1310 1351 1353 1393; x_wconf 89' lang='grc' dir='ltr'>τὸ</span> <span class='ocrx_word' id='word_1_162' title='bbox 1401 1353 1657 1394; x_wconf 75' lang='grc' dir='ltr'><strong><em>ἐπίστασθαι</em></strong></span> 
     </span>
     <span class='ocr_line' id='line_1_19' title="bbox 201 1413 1658 1474; baseline 0.003 -18"><span class='ocrx_word' id='word_1_163' title='bbox 201 1413 388 1469; x_wconf 76' lang='grc' dir='ltr'><strong><em>ἔχοντας,</em></strong></span> <span class='ocrx_word' id='word_1_164' title='bbox 419 1415 633 1465; x_wconf 79' lang='grc' dir='ltr'><strong><em>δεκτικοὺς</em></strong></span> <span class='ocrx_word' id='word_1_165' title='bbox 653 1420 725 1472; x_wconf 76' lang='grc' dir='ltr'>τῆς</span> <span class='ocrx_word' id='word_1_166' title='bbox 759 1420 1020 1474; x_wconf 78' lang='grc' dir='ltr'><strong><em>δημιουργοῦ</em></strong></span> <span class='ocrx_word' id='word_1_167' title='bbox 1051 1421 1133 1460; x_wconf 77' lang='grc' dir='ltr'>τῶν</span> <span class='ocrx_word' id='word_1_168' title='bbox 1164 1416 1272 1460; x_wconf 72' lang='grc' dir='ltr'><strong><em>ὅλων</em></strong></span> <span class='ocrx_word' id='word_1_169' title='bbox 1294 1421 1448 1474; x_wconf 88' lang='grc' dir='ltr'><strong><em>σοφιάς</em></strong></span> <span class='ocrx_word' id='word_1_170' title='bbox 1479 1417 1589 1473; x_wconf 76' lang='grc' dir='ltr'><strong><em>ἡμᾶς</em></strong></span> <span class='ocrx_word' id='word_1_171' title='bbox 1617 1415 1658 1461; x_wconf 77' lang='grc' dir='ltr'><strong><em>οἷ</em></strong></span> 
     </span>
     <span class='ocr_line' id='line_1_20' title="bbox 203 1481 1655 1540; baseline 0.003 -17"><span class='ocrx_word' id='word_1_172' title='bbox 203 1485 313 1523; x_wconf 83' lang='grc' dir='ltr'><strong><em>θεῖοι</em></strong></span> <span class='ocrx_word' id='word_1_173' title='bbox 342 1485 517 1538; x_wconf 81' lang='grc' dir='ltr'><strong><em>πατέρες</em></strong></span> <span class='ocrx_word' id='word_1_174' title='bbox 544 1481 755 1539; x_wconf 80' lang='grc' dir='ltr'><strong><em>φάσκουσι</em></strong></span> <span class='ocrx_word' id='word_1_175' title='bbox 774 1484 964 1539; x_wconf 72' lang='grc' dir='ltr'><strong><em>γίνεσθαι</em></strong></span> <span class='ocrx_word' id='word_1_176' title='bbox 995 1484 1066 1527; x_wconf 81' lang='grc' dir='ltr'>τὸν</span> <span class='ocrx_word' id='word_1_177' title='bbox 1096 1482 1287 1535; x_wconf 73' lang='grc' dir='ltr'><strong><em>ἑκάστοις</em></strong></span> <span class='ocrx_word' id='word_1_178' title='bbox 1319 1484 1458 1527; x_wconf 81' lang='grc' dir='ltr'><strong><em>ἐνόντα</em></strong></span> <span class='ocrx_word' id='word_1_179' title='bbox 1484 1485 1655 1540; x_wconf 85' lang='grc' dir='ltr'><strong><em>τρόπον.</em></strong></span> 
     </span>
     <span class='ocr_line' id='line_1_21' title="bbox 202 1545 1715 1607; baseline 0.004 -18"><span class='ocrx_word' id='word_1_180' title='bbox 202 1547 276 1589; x_wconf 79' lang='grc' dir='ltr'>καί</span> <span class='ocrx_word' id='word_1_181' title='bbox 299 1547 346 1590; x_wconf 89' lang='grc' dir='ltr'>τὸ</span> <span class='ocrx_word' id='word_1_182' title='bbox 379 1549 565 1603; x_wconf 87' lang='grc' dir='ltr'><strong><em>γνωστὸν</em></strong></span> <span class='ocrx_word' id='word_1_183' title='bbox 596 1551 668 1591; x_wconf 86' lang='grc' dir='ltr'>τοῦ</span> <span class='ocrx_word' id='word_1_184' title='bbox 698 1550 804 1592; x_wconf 75' lang='grc' dir='ltr'><strong><em>θεοῦ</em></strong></span> <span class='ocrx_word' id='word_1_185' title='bbox 832 1551 1015 1607; x_wconf 87' lang='grc' dir='ltr'><strong><em>φανερὸν</em></strong></span> <span class='ocrx_word' id='word_1_186' title='bbox 1037 1549 1106 1593; x_wconf 80' lang='grc' dir='ltr'>διά</span> <span class='ocrx_word' id='word_1_187' title='bbox 1137 1553 1218 1593; x_wconf 75' lang='grc' dir='ltr'>τῶν</span> <span class='ocrx_word' id='word_1_188' title='bbox 1250 1548 1501 1604; x_wconf 84' lang='grc' dir='ltr'><strong><em>κτισμάτων.</em></strong></span> <span class='ocrx_word' id='word_1_189' title='bbox 1535 1545 1715 1595; x_wconf 70' lang='grc' dir='ltr'><strong><em>ἄκη-20</em></strong></span> 
     </span>
     <span class='ocr_line' id='line_1_22' title="bbox 202 1611 1656 1675; baseline 0.003 -19"><span class='ocrx_word' id='word_1_190' title='bbox 202 1630 296 1665; x_wconf 91' lang='grc' dir='ltr'><strong><em>στος</em></strong></span> <span class='ocrx_word' id='word_1_191' title='bbox 330 1617 375 1658; x_wconf 81' lang='grc' dir='ltr'>δὲ</span> <span class='ocrx_word' id='word_1_192' title='bbox 405 1619 537 1673; x_wconf 88' lang='grc' dir='ltr'><strong><em>σοφιά</em></strong></span> <span class='ocrx_word' id='word_1_193' title='bbox 562 1615 582 1657; x_wconf 81' lang='grc' dir='ltr'><em>ὃ</em></span> <span class='ocrx_word' id='word_1_194' title='bbox 616 1614 708 1666; x_wconf 82' lang='grc' dir='ltr'><strong><em>υἱὸς</em></strong></span> <span class='ocrx_word' id='word_1_195' title='bbox 738 1619 810 1659; x_wconf 80' lang='grc' dir='ltr'>καί</span> <span class='ocrx_word' id='word_1_196' title='bbox 828 1617 948 1671; x_wconf 84' lang='grc' dir='ltr'><strong><em>λόγος</em></strong></span> <span class='ocrx_word' id='word_1_197' title='bbox 975 1620 1052 1660; x_wconf 86' lang='grc' dir='ltr'>τοῦ</span> <span class='ocrx_word' id='word_1_198' title='bbox 1073 1618 1191 1671; x_wconf 77' lang='grc' dir='ltr'><strong><em>θεοῦ,</em></strong></span> <span class='ocrx_word' id='word_1_199' title='bbox 1225 1619 1279 1659; x_wconf 87' lang='grc' dir='ltr'>δι’</span> <span class='ocrx_word' id='word_1_200' title='bbox 1305 1634 1356 1672; x_wconf 88' lang='grc' dir='ltr'><strong><em>ης</em></strong></span> <span class='ocrx_word' id='word_1_201' title='bbox 1383 1634 1452 1659; x_wconf 91' lang='grc' dir='ltr'>και</span> <span class='ocrx_word' id='word_1_202' title='bbox 1481 1619 1526 1661; x_wconf 74' lang='grc' dir='ltr'><strong><em>ἐν</em></strong></span> <span class='ocrx_word' id='word_1_203' title='bbox 1551 1611 1580 1675; x_wconf 83' lang='grc' dir='ltr'><em>ᾗ</em></span> <span class='ocrx_word' id='word_1_204' title='bbox 1605 1617 1656 1660; x_wconf 76' lang='grc' dir='ltr'>τὰ</span> 
     </span>
    </p>
   </div>
   <div class='ocr_carea' id='block_1_3' title="bbox 1170 1679 1189 1696">
    <p class='ocr_par' dir='ltr' id='par_1_3' title="bbox 1170 1679 1189 1696">
     <span class='ocr_line' id='line_1_23' title="bbox 1170 1679 1189 1696; baseline 0.053 -1"><span class='ocrx_word' id='word_1_205' title='bbox 1170 1679 1189 1696; x_wconf 66' lang='grc' dir='ltr'><strong><em>Ἃ</em></strong></span> 
     </span>
    </p>
   </div>
   <div class='ocr_carea' id='block_1_4' title="bbox 201 1679 1656 1744">
    <p class='ocr_par' dir='ltr' id='par_1_4' title="bbox 201 1679 1656 1744">
     <span class='ocr_line' id='line_1_24' title="bbox 201 1679 1656 1744; baseline 0.003 -21"><span class='ocrx_word' id='word_1_206' title='bbox 201 1680 336 1724; x_wconf 81' lang='grc' dir='ltr'><strong><em>πάντα</em></strong></span> <span class='ocrx_word' id='word_1_207' title='bbox 367 1685 522 1738; x_wconf 81' lang='grc' dir='ltr'><strong><em>γέγονε.</em></strong></span> <span class='ocrx_word' id='word_1_208' title='bbox 582 1683 689 1739; x_wconf 81' lang='grc' dir='ltr'><strong><em>πλην</em></strong></span> <span class='ocrx_word' id='word_1_209' title='bbox 733 1685 835 1739; x_wconf 82' lang='grc' dir='ltr'><strong><em>ουχί</em></strong></span> <span class='ocrx_word' id='word_1_210' title='bbox 854 1685 982 1743; x_wconf 83' lang='grc' dir='ltr'><strong><em>τούτῳ</em></strong></span> <span class='ocrx_word' id='word_1_211' title='bbox 1014 1684 1134 1739; x_wconf 92' lang='grc' dir='ltr'><strong><em>λόγος</em></strong></span> <span class='ocrx_word' id='word_1_212' title='bbox 1162 1702 1185 1739; x_wconf 89' lang='grc' dir='ltr'><strong><em>η</em></strong></span> <span class='ocrx_word' id='word_1_213' title='bbox 1229 1683 1320 1736; x_wconf 82' lang='grc' dir='ltr'><strong><em>υἱὸς</em></strong></span> <span class='ocrx_word' id='word_1_214' title='bbox 1351 1679 1385 1744; x_wconf 75' lang='grc' dir='ltr'><em>ᾧ</em></span> <span class='ocrx_word' id='word_1_215' title='bbox 1411 1701 1480 1727; x_wconf 86' lang='grc' dir='ltr'>και</span> <span class='ocrx_word' id='word_1_216' title='bbox 1510 1686 1656 1742; x_wconf 73' lang='grc' dir='ltr'><strong><em>σοφία.</em></strong></span> 
     </span>
    </p>
   </div>
   <div class='ocr_carea' id='block_1_5' title="bbox 198 1825 1655 2815">
    <p class='ocr_par' dir='ltr' id='par_1_5' title="bbox 198 1825 1655 2815">
     <span class='ocr_line' id='line_1_25' title="bbox 200 1825 1655 1868; baseline 0 -6"><span class='ocrx_word' id='word_1_217' title='bbox 200 1826 347 1868; x_wconf 85' lang='lat' dir='ltr'>velant,</span> <span class='ocrx_word' id='word_1_218' title='bbox 386 1825 455 1861; x_wconf 81' lang='lat' dir='ltr'>hoo</span> <span class='ocrx_word' id='word_1_219' title='bbox 491 1826 556 1861; x_wconf 86' lang='lat' dir='ltr'>ille</span> <span class='ocrx_word' id='word_1_220' title='bbox 593 1837 632 1862; x_wconf 86' lang='lat' dir='ltr'>se</span> <span class='ocrx_word' id='word_1_221' title='bbox 664 1827 785 1862; x_wconf 85' lang='lat' dir='ltr'>faeere</span> <span class='ocrx_word' id='word_1_222' title='bbox 818 1832 941 1862; x_wconf 88' lang='lat' dir='ltr'>contra</span> <span class='ocrx_word' id='word_1_223' title='bbox 974 1838 1013 1863; x_wconf 92' lang='lat' dir='ltr'>se</span> <span class='ocrx_word' id='word_1_224' title='bbox 1053 1827 1194 1861; x_wconf 87' lang='lat' dir='ltr'>omnino</span> <span class='ocrx_word' id='word_1_225' title='bbox 1231 1837 1304 1861; x_wconf 91' lang='lat' dir='ltr'>non</span> <span class='ocrx_word' id='word_1_226' title='bbox 1341 1826 1655 1862; x_wconf 82' lang='lat' dir='ltr'>animadvertebat.</span> 
     </span>
     <span class='ocr_line' id='line_1_26' title="bbox 199 1874 1655 1919; baseline -0.002 -10"><span class='ocrx_word' id='word_1_227' title='bbox 199 1874 290 1909; x_wconf 84' lang='lat' dir='ltr'>haec</span> <span class='ocrx_word' id='word_1_228' title='bbox 316 1875 508 1919; x_wconf 86' lang='lat' dir='ltr'>Gregoram</span> <span class='ocrx_word' id='word_1_229' title='bbox 527 1877 687 1919; x_wconf 87' lang='lat' dir='ltr'>quamvis</span> <span class='ocrx_word' id='word_1_230' title='bbox 713 1876 854 1909; x_wconf 90' lang='lat' dir='ltr'>omnino</span> <span class='ocrx_word' id='word_1_231' title='bbox 872 1886 944 1909; x_wconf 91' lang='lat' dir='ltr'>non</span> <span class='ocrx_word' id='word_1_232' title='bbox 969 1875 1087 1909; x_wconf 87' lang='lat' dir='ltr'>ridere</span> <span class='ocrx_word' id='word_1_233' title='bbox 1113 1874 1293 1909; x_wconf 89' lang='lat' dir='ltr'>volentem</span> <span class='ocrx_word' id='word_1_234' title='bbox 1318 1874 1361 1908; x_wconf 87' lang='lat' dir='ltr'>ad</span> <span class='ocrx_word' id='word_1_235' title='bbox 1383 1874 1564 1908; x_wconf 88' lang='lat' dir='ltr'>ridendum</span> <span class='ocrx_word' id='word_1_236' title='bbox 1589 1876 1655 1909; x_wconf 85' lang='lat' dir='ltr'>ad-</span> 
     </span>
     <span class='ocr_line' id='line_1_27' title="bbox 200 1921 1651 1964; baseline 0 -8"><span class='ocrx_word' id='word_1_237' title='bbox 200 1923 396 1964; x_wconf 86' lang='lat' dir='ltr'>duxerunt,</span> <span class='ocrx_word' id='word_1_238' title='bbox 424 1927 458 1955; x_wconf 88' lang='lat' dir='ltr'>et</span> <span class='ocrx_word' id='word_1_239' title='bbox 482 1927 522 1955; x_wconf 84' lang='lat' dir='ltr'>ut</span> <span class='ocrx_word' id='word_1_240' title='bbox 557 1923 697 1957; x_wconf 90' lang='lat' dir='ltr'>oculum</span> <span class='ocrx_word' id='word_1_241' title='bbox 723 1922 949 1957; x_wconf 78' lang='lat' dir='ltr'><strong>cavillantem</strong></span> <span class='ocrx_word' id='word_1_242' title='bbox 980 1923 1017 1955; x_wconf 89' lang='lat' dir='ltr'>in</span> <span class='ocrx_word' id='word_1_243' title='bbox 1047 1933 1124 1955; x_wconf 93' lang='lat' dir='ltr'>eum</span> <span class='ocrx_word' id='word_1_244' title='bbox 1153 1922 1349 1955; x_wconf 65' lang='lat' dir='ltr'>coniiciens,</span> <span class='ocrx_word' id='word_1_245' title='bbox 1374 1921 1463 1955; x_wconf 85' lang='lat' dir='ltr'>haec</span> <span class='ocrx_word' id='word_1_246' title='bbox 1490 1922 1651 1956; x_wconf 83' lang='lat' dir='ltr'>diceret:</span> 
     </span>
     <span class='ocr_line' id='line_1_28' title="bbox 202 1969 1653 2013; baseline 0 -11"><span class='ocrx_word' id='word_1_247' title='bbox 202 1969 363 2013; x_wconf 81' lang='lat' dir='ltr'><strong>equidem</strong></span> <span class='ocrx_word' id='word_1_248' title='bbox 405 1969 637 2012; x_wconf 80' lang='lat' dir='ltr'>ignorantiam</span> <span class='ocrx_word' id='word_1_249' title='bbox 682 1975 773 2003; x_wconf 87' lang='lat' dir='ltr'>tuam</span> <span class='ocrx_word' id='word_1_250' title='bbox 812 1975 846 2003; x_wconf 88' lang='lat' dir='ltr'>et</span> <span class='ocrx_word' id='word_1_251' title='bbox 883 1970 1132 2013; x_wconf 87' lang='lat' dir='ltr'>impudentiam</span> <span class='ocrx_word' id='word_1_252' title='bbox 1166 1970 1357 2011; x_wconf 83' lang='lat' dir='ltr'>miserans,</span> <span class='ocrx_word' id='word_1_253' title='bbox 1395 1969 1526 2010; x_wconf 83' lang='lat' dir='ltr'>amice,</span> <span class='ocrx_word' id='word_1_254' title='bbox 1560 1979 1653 2002; x_wconf 89' lang='lat' dir='ltr'>nunc</span> 
     </span>
     <span class='ocr_line' id='line_1_29' title="bbox 201 2016 1653 2061; baseline -0.001 -12"><span class='ocrx_word' id='word_1_255' title='bbox 201 2025 343 2060; x_wconf 89' lang='lat' dir='ltr'>quoque</span> <span class='ocrx_word' id='word_1_256' title='bbox 369 2016 454 2050; x_wconf 82' lang='lat' dir='ltr'>volo</span> <span class='ocrx_word' id='word_1_257' title='bbox 480 2026 601 2050; x_wconf 87' lang='lat' dir='ltr'>omnes</span> <span class='ocrx_word' id='word_1_258' title='bbox 631 2027 864 2061; x_wconf 85' lang='lat' dir='ltr'>quaecunque</span> <span class='ocrx_word' id='word_1_259' title='bbox 897 2027 1021 2051; x_wconf 88' lang='lat' dir='ltr'>vocem</span> <span class='ocrx_word' id='word_1_260' title='bbox 1051 2017 1247 2060; x_wconf 80' lang='lat' dir='ltr'>sapientiae</span> <span class='ocrx_word' id='word_1_261' title='bbox 1284 2016 1445 2049; x_wconf 82' lang='lat' dir='ltr'>dividunt</span> <span class='ocrx_word' id='word_1_262' title='bbox 1468 2016 1653 2060; x_wconf 81' lang='lat' dir='ltr'>significa-</span> 
     </span>
     <span class='ocr_line' id='line_1_30' title="bbox 200 2062 1653 2106; baseline -0.001 -10"><span class='ocrx_word' id='word_1_263' title='bbox 200 2063 315 2096; x_wconf 85' lang='lat' dir='ltr'>tiones</span> <span class='ocrx_word' id='word_1_264' title='bbox 343 2063 529 2106; x_wconf 83' lang='lat' dir='ltr'>proferens</span> <span class='ocrx_word' id='word_1_265' title='bbox 558 2065 750 2097; x_wconf 89' lang='lat' dir='ltr'>secundum</span> <span class='ocrx_word' id='word_1_266' title='bbox 775 2065 947 2097; x_wconf 80' lang='lat' dir='ltr'>scientiae</span> <span class='ocrx_word' id='word_1_267' title='bbox 972 2065 1144 2097; x_wconf 81' lang='lat' dir='ltr'>rationem</span> <span class='ocrx_word' id='word_1_268' title='bbox 1170 2069 1205 2096; x_wconf 85' lang='lat' dir='ltr'>te</span> <span class='ocrx_word' id='word_1_269' title='bbox 1230 2063 1382 2096; x_wconf 83' lang='lat' dir='ltr'>docere:</span> <span class='ocrx_word' id='word_1_270' title='bbox 1406 2067 1446 2095; x_wconf 89' lang='lat' dir='ltr'>ut</span> <span class='ocrx_word' id='word_1_271' title='bbox 1470 2062 1552 2096; x_wconf 90' lang='lat' dir='ltr'>inde</span> <span class='ocrx_word' id='word_1_272' title='bbox 1578 2063 1653 2097; x_wconf 87' lang='lat' dir='ltr'>dis-</span> 
     </span>
     <span class='ocr_line' id='line_1_31' title="bbox 201 2110 1653 2156; baseline 0 -14"><span class='ocrx_word' id='word_1_273' title='bbox 201 2120 274 2151; x_wconf 89' lang='lat' dir='ltr'>cas,</span> <span class='ocrx_word' id='word_1_274' title='bbox 302 2110 338 2142; x_wconf 89' lang='lat' dir='ltr'>in</span> <span class='ocrx_word' id='word_1_275' title='bbox 365 2116 526 2155; x_wconf 85' lang='lat' dir='ltr'>quantam</span> <span class='ocrx_word' id='word_1_276' title='bbox 553 2112 762 2154; x_wconf 81' lang='lat' dir='ltr'>pravitatem</span> <span class='ocrx_word' id='word_1_277' title='bbox 789 2112 948 2156; x_wconf 80' lang='lat' dir='ltr'>adigatur</span> <span class='ocrx_word' id='word_1_278' title='bbox 981 2112 1010 2144; x_wconf 91' lang='lat' dir='ltr'>si</span> <span class='ocrx_word' id='word_1_279' title='bbox 1038 2111 1115 2155; x_wconf 91' lang='lat' dir='ltr'>quis</span> <span class='ocrx_word' id='word_1_280' title='bbox 1142 2115 1293 2155; x_wconf 84' lang='lat' dir='ltr'>nugatus</span> <span class='ocrx_word' id='word_1_281' title='bbox 1325 2114 1507 2153; x_wconf 82' lang='lat' dir='ltr'>pervertat</span> <span class='ocrx_word' id='word_1_282' title='bbox 1534 2110 1653 2154; x_wconf 89' lang='lat' dir='ltr'>impu...</span> 
     </span>
     <span class='ocr_line' id='line_1_32' title="bbox 201 2156 1652 2203; baseline -0.001 -13"><span class='ocrx_word' id='word_1_283' title='bbox 201 2157 325 2190; x_wconf 86' lang='lat' dir='ltr'>denter</span> <span class='ocrx_word' id='word_1_284' title='bbox 352 2159 545 2201; x_wconf 84' lang='lat' dir='ltr'>scripturas</span> <span class='ocrx_word' id='word_1_285' title='bbox 571 2158 721 2192; x_wconf 87' lang='lat' dir='ltr'>divinas.</span> <span class='ocrx_word' id='word_1_286' title='bbox 774 2159 990 2203; x_wconf 90' lang='lat' dir='ltr'>sequendum</span> <span class='ocrx_word' id='word_1_287' title='bbox 1016 2159 1124 2203; x_wconf 82' lang='lat' dir='ltr'>igitur</span> <span class='ocrx_word' id='word_1_288' title='bbox 1151 2163 1203 2190; x_wconf 84' lang='lat' dir='ltr'>est</span> <span class='ocrx_word' id='word_1_289' title='bbox 1229 2156 1331 2190; x_wconf 87' lang='lat' dir='ltr'>nobis</span> <span class='ocrx_word' id='word_1_290' title='bbox 1359 2156 1557 2189; x_wconf 83' lang='lat' dir='ltr'>divinorum</span> <span class='ocrx_word' id='word_1_291' title='bbox 1584 2167 1652 2200; x_wconf 84' lang='lat' dir='ltr'>pa-</span> 
     </span>
     <span class='ocr_line' id='line_1_33' title="bbox 200 2203 1653 2249; baseline 0 -11"><span class='ocrx_word' id='word_1_292' title='bbox 200 2209 290 2238; x_wconf 85' lang='lat' dir='ltr'>trum</span> <span class='ocrx_word' id='word_1_293' title='bbox 317 2203 374 2238; x_wconf 88' lang='lat' dir='ltr'>hie</span> <span class='ocrx_word' id='word_1_294' title='bbox 400 2215 541 2249; x_wconf 88' lang='lat' dir='ltr'>quoque</span> <span class='ocrx_word' id='word_1_295' title='bbox 566 2206 836 2239; x_wconf 87' lang='lat' dir='ltr'>institutionem.</span> <span class='ocrx_word' id='word_1_296' title='bbox 887 2205 1101 2249; x_wconf 86' lang='lat' dir='ltr'>intelligitur</span> <span class='ocrx_word' id='word_1_297' title='bbox 1135 2205 1225 2237; x_wconf 91' lang='lat' dir='ltr'>enim</span> <span class='ocrx_word' id='word_1_298' title='bbox 1263 2203 1435 2247; x_wconf 86' lang='lat' dir='ltr'>sapientia</span> <span class='ocrx_word' id='word_1_299' title='bbox 1461 2203 1653 2246; x_wconf 78' lang='lat' dir='ltr'>dupliciter</span> 
     </span>
     <span class='ocr_line' id='line_1_34' title="bbox 200 2250 1652 2296; baseline -0.001 -13"><span class='ocrx_word' id='word_1_300' title='bbox 200 2251 390 2284; x_wconf 83' lang='lat' dir='ltr'>secundum</span> <span class='ocrx_word' id='word_1_301' title='bbox 418 2257 571 2285; x_wconf 87' lang='lat' dir='ltr'>creatum</span> <span class='ocrx_word' id='word_1_302' title='bbox 601 2258 635 2285; x_wconf 82' lang='lat' dir='ltr'>et</span> <span class='ocrx_word' id='word_1_303' title='bbox 663 2253 882 2294; x_wconf 80' lang='lat' dir='ltr'>increatum,</span> <span class='ocrx_word' id='word_1_304' title='bbox 909 2258 1014 2296; x_wconf 87' lang='lat' dir='ltr'>atque</span> <span class='ocrx_word' id='word_1_305' title='bbox 1041 2257 1158 2285; x_wconf 85' lang='lat' dir='ltr'>creata</span> <span class='ocrx_word' id='word_1_306' title='bbox 1193 2251 1332 2296; x_wconf 90' lang='lat' dir='ltr'>quidem</span> <span class='ocrx_word' id='word_1_307' title='bbox 1353 2250 1480 2283; x_wconf 86' lang='lat' dir='ltr'>dicitur</span> <span class='ocrx_word' id='word_1_308' title='bbox 1506 2251 1652 2294; x_wconf 87' lang='lat' dir='ltr'>sapien..</span> 
     </span>
     <span class='ocr_line' id='line_1_35' title="bbox 199 2298 1652 2343; baseline 0.001 -13"><span class='ocrx_word' id='word_1_309' title='bbox 199 2298 249 2331; x_wconf 87' lang='lat' dir='ltr'>tia</span> <span class='ocrx_word' id='word_1_310' title='bbox 275 2308 328 2340; x_wconf 88' lang='lat' dir='ltr'>ea,</span> <span class='ocrx_word' id='word_1_311' title='bbox 359 2309 448 2342; x_wconf 90' lang='lat' dir='ltr'>quae</span> <span class='ocrx_word' id='word_1_312' title='bbox 478 2300 593 2332; x_wconf 84' lang='lat' dir='ltr'>infusa</span> <span class='ocrx_word' id='word_1_313' title='bbox 620 2305 673 2333; x_wconf 85' lang='lat' dir='ltr'>est</span> <span class='ocrx_word' id='word_1_314' title='bbox 698 2310 717 2332; x_wconf 91' lang='lat' dir='ltr'>a</span> <span class='ocrx_word' id='word_1_315' title='bbox 743 2300 809 2332; x_wconf 89' lang='lat' dir='ltr'>deo</span> <span class='ocrx_word' id='word_1_316' title='bbox 839 2299 1014 2343; x_wconf 86' lang='lat' dir='ltr'>simulque</span> <span class='ocrx_word' id='word_1_317' title='bbox 1042 2299 1205 2332; x_wconf 83' lang='lat' dir='ltr'>confecta</span> <span class='ocrx_word' id='word_1_318' title='bbox 1240 2298 1387 2338; x_wconf 84' lang='lat' dir='ltr'>creatis,</span> <span class='ocrx_word' id='word_1_319' title='bbox 1411 2302 1451 2330; x_wconf 89' lang='lat' dir='ltr'>ut</span> <span class='ocrx_word' id='word_1_320' title='bbox 1477 2298 1652 2340; x_wconf 78' lang='lat' dir='ltr'>sapientia</span> 
     </span>
     <span class='ocr_line' id='line_1_36' title="bbox 198 2343 1651 2391; baseline 0.001 -14"><span class='ocrx_word' id='word_1_321' title='bbox 198 2344 263 2377; x_wconf 89' lang='lat' dir='ltr'>illa</span> <span class='ocrx_word' id='word_1_322' title='bbox 289 2346 480 2379; x_wconf 75' lang='lat' dir='ltr'>secundum</span> <span class='ocrx_word' id='word_1_323' title='bbox 506 2347 735 2380; x_wconf 82' lang='lat' dir='ltr'>Athanasium</span> <span class='ocrx_word' id='word_1_324' title='bbox 756 2357 920 2391; x_wconf 88' lang='lat' dir='ltr'>magnum</span> <span class='ocrx_word' id='word_1_325' title='bbox 938 2346 1099 2379; x_wconf 87' lang='lat' dir='ltr'>omnibus</span> <span class='ocrx_word' id='word_1_326' title='bbox 1125 2346 1330 2379; x_wconf 79' lang='lat' dir='ltr'>viderentur</span> <span class='ocrx_word' id='word_1_327' title='bbox 1345 2343 1522 2388; x_wconf 87' lang='lat' dir='ltr'>simulque</span> <span class='ocrx_word' id='word_1_328' title='bbox 1547 2355 1651 2378; x_wconf 79' lang='lat' dir='ltr'>erea-</span> 
     </span>
     <span class='ocr_line' id='line_1_37' title="bbox 198 2391 1650 2438; baseline -0.001 -14"><span class='ocrx_word' id='word_1_329' title='bbox 198 2397 276 2425; x_wconf 85' lang='lat' dir='ltr'>tore</span> <span class='ocrx_word' id='word_1_330' title='bbox 302 2392 432 2437; x_wconf 79' lang='lat' dir='ltr'>digna:</span> <span class='ocrx_word' id='word_1_331' title='bbox 458 2394 648 2427; x_wconf 87' lang='lat' dir='ltr'>secundum</span> <span class='ocrx_word' id='word_1_332' title='bbox 676 2404 776 2437; x_wconf 90' lang='lat' dir='ltr'>quam</span> <span class='ocrx_word' id='word_1_333' title='bbox 803 2394 1098 2438; x_wconf 86' lang='lat' dir='ltr'>significationem</span> <span class='ocrx_word' id='word_1_334' title='bbox 1125 2393 1228 2425; x_wconf 85' lang='lat' dir='ltr'>etiam</span> <span class='ocrx_word' id='word_1_335' title='bbox 1258 2391 1370 2425; x_wconf 89' lang='lat' dir='ltr'>David</span> <span class='ocrx_word' id='word_1_336' title='bbox 1397 2391 1519 2424; x_wconf 88' lang='lat' dir='ltr'>coelos</span> <span class='ocrx_word' id='word_1_337' title='bbox 1545 2402 1650 2425; x_wconf 83' lang='lat' dir='ltr'>enar.</span> 
     </span>
     <span class='ocr_line' id='line_1_38' title="bbox 199 2438 1651 2485; baseline -0.001 -14"><span class='ocrx_word' id='word_1_338' title='bbox 199 2448 278 2471; x_wconf 77' lang='lat' dir='ltr'>rare</span> <span class='ocrx_word' id='word_1_339' title='bbox 303 2440 361 2472; x_wconf 87' lang='lat' dir='ltr'>dei</span> <span class='ocrx_word' id='word_1_340' title='bbox 388 2440 540 2485; x_wconf 80' lang='lat' dir='ltr'>gloriam</span> <span class='ocrx_word' id='word_1_341' title='bbox 570 2441 655 2474; x_wconf 89' lang='lat' dir='ltr'>dicit</span> <span class='ocrx_word' id='word_1_342' title='bbox 679 2442 782 2474; x_wconf 90' lang='lat' dir='ltr'>mutis</span> <span class='ocrx_word' id='word_1_343' title='bbox 812 2440 957 2485; x_wconf 89' lang='lat' dir='ltr'>linguis.</span> <span class='ocrx_word' id='word_1_344' title='bbox 1016 2439 1190 2484; x_wconf 87' lang='lat' dir='ltr'>simulque</span> <span class='ocrx_word' id='word_1_345' title='bbox 1234 2439 1349 2471; x_wconf 89' lang='lat' dir='ltr'>omnia</span> <span class='ocrx_word' id='word_1_346' title='bbox 1375 2444 1494 2472; x_wconf 84' lang='lat' dir='ltr'>creata</span> <span class='ocrx_word' id='word_1_347' title='bbox 1518 2438 1651 2483; x_wconf 66' lang='lat' dir='ltr'>collor-</span> 
     </span>
     <span class='ocr_line' id='line_1_39' title="bbox 198 2485 1651 2532; baseline 0.001 -14"><span class='ocrx_word' id='word_1_348' title='bbox 198 2490 290 2519; x_wconf 84' lang='lat' dir='ltr'>tatur</span> <span class='ocrx_word' id='word_1_349' title='bbox 315 2486 357 2519; x_wconf 87' lang='lat' dir='ltr'>ad</span> <span class='ocrx_word' id='word_1_350' title='bbox 383 2488 485 2520; x_wconf 91' lang='lat' dir='ltr'>deum</span> <span class='ocrx_word' id='word_1_351' title='bbox 524 2487 770 2521; x_wconf 87' lang='lat' dir='ltr'>celebrandum</span> <span class='ocrx_word' id='word_1_352' title='bbox 786 2512 796 2529; x_wconf 95' lang='lat'>‚</span> <span class='ocrx_word' id='word_1_353' title='bbox 826 2497 1056 2532; x_wconf 89' lang='lat' dir='ltr'>quaecunque</span> <span class='ocrx_word' id='word_1_354' title='bbox 1085 2488 1198 2520; x_wconf 86' lang='lat' dir='ltr'>anima</span> <span class='ocrx_word' id='word_1_355' title='bbox 1230 2485 1387 2529; x_wconf 84' lang='lat' dir='ltr'>praedita</span> <span class='ocrx_word' id='word_1_356' title='bbox 1413 2490 1448 2518; x_wconf 89' lang='lat' dir='ltr'>et</span> <span class='ocrx_word' id='word_1_357' title='bbox 1472 2486 1651 2528; x_wconf 84' lang='lat' dir='ltr'>destituta,</span> 
     </span>
     <span class='ocr_line' id='line_1_40' title="bbox 200 2533 1651 2578; baseline 0.001 -13"><span class='ocrx_word' id='word_1_358' title='bbox 200 2543 432 2578; x_wconf 86' lang='lat' dir='ltr'>quaecunque</span> <span class='ocrx_word' id='word_1_359' title='bbox 457 2545 564 2568; x_wconf 88' lang='lat' dir='ltr'>sensu</span> <span class='ocrx_word' id='word_1_360' title='bbox 590 2540 671 2568; x_wconf 90' lang='lat' dir='ltr'>sunt</span> <span class='ocrx_word' id='word_1_361' title='bbox 696 2535 856 2578; x_wconf 83' lang='lat' dir='ltr'>praedita</span> <span class='ocrx_word' id='word_1_362' title='bbox 883 2540 918 2568; x_wconf 89' lang='lat' dir='ltr'>et</span> <span class='ocrx_word' id='word_1_363' title='bbox 942 2535 1107 2568; x_wconf 89' lang='lat' dir='ltr'>destituta</span> <span class='ocrx_word' id='word_1_364' title='bbox 1123 2558 1134 2576; x_wconf 92' lang='lat'>‚</span> <span class='ocrx_word' id='word_1_365' title='bbox 1162 2538 1196 2566; x_wconf 87' lang='lat' dir='ltr'>et</span> <span class='ocrx_word' id='word_1_366' title='bbox 1220 2542 1325 2576; x_wconf 87' lang='lat' dir='ltr'>porro</span> <span class='ocrx_word' id='word_1_367' title='bbox 1353 2541 1427 2574; x_wconf 87' lang='lat' dir='ltr'>eos,</span> <span class='ocrx_word' id='word_1_368' title='bbox 1460 2534 1519 2577; x_wconf 91' lang='lat' dir='ltr'>qui</span> <span class='ocrx_word' id='word_1_369' title='bbox 1547 2533 1651 2567; x_wconf 88' lang='lat' dir='ltr'>docte</span> 
     </span>
     <span class='ocr_line' id='line_1_41' title="bbox 199 2579 1651 2626; baseline 0.001 -14"><span class='ocrx_word' id='word_1_370' title='bbox 199 2579 428 2614; x_wconf 87' lang='lat' dir='ltr'>instituuntur</span> <span class='ocrx_word' id='word_1_371' title='bbox 455 2591 498 2614; x_wconf 89' lang='lat' dir='ltr'>ex</span> <span class='ocrx_word' id='word_1_372' title='bbox 528 2583 735 2626; x_wconf 85' lang='lat' dir='ltr'>cognitione</span> <span class='ocrx_word' id='word_1_373' title='bbox 776 2587 879 2615; x_wconf 86' lang='lat' dir='ltr'>antea</span> <span class='ocrx_word' id='word_1_374' title='bbox 906 2582 1106 2615; x_wconf 85' lang='lat' dir='ltr'>substante:</span> <span class='ocrx_word' id='word_1_375' title='bbox 1142 2581 1177 2613; x_wconf 88' lang='lat' dir='ltr'>in</span> <span class='ocrx_word' id='word_1_376' title='bbox 1203 2590 1269 2624; x_wconf 89' lang='lat' dir='ltr'>qua</span> <span class='ocrx_word' id='word_1_377' title='bbox 1296 2590 1373 2612; x_wconf 92' lang='lat' dir='ltr'>cum</span> <span class='ocrx_word' id='word_1_378' title='bbox 1401 2580 1585 2613; x_wconf 85' lang='lat' dir='ltr'>seientiam</span> <span class='ocrx_word' id='word_1_379' title='bbox 1615 2585 1651 2614; x_wconf 80' lang='lat' dir='ltr'>et</span> 
     </span>
     <span class='ocr_line' id='line_1_42' title="bbox 199 2626 1648 2672; baseline 0.001 -14"><span class='ocrx_word' id='word_1_380' title='bbox 199 2626 473 2670; x_wconf 84' lang='lat' dir='ltr'>intelligentiam</span> <span class='ocrx_word' id='word_1_381' title='bbox 508 2627 697 2662; x_wconf 86' lang='lat' dir='ltr'>habeamus</span> <span class='ocrx_word' id='word_1_382' title='bbox 730 2630 852 2662; x_wconf 86' lang='lat' dir='ltr'>testari</span> <span class='ocrx_word' id='word_1_383' title='bbox 887 2639 951 2662; x_wconf 91' lang='lat' dir='ltr'>nos</span> <span class='ocrx_word' id='word_1_384' title='bbox 986 2628 1191 2672; x_wconf 87' lang='lat' dir='ltr'>sapientiam</span> <span class='ocrx_word' id='word_1_385' title='bbox 1224 2627 1340 2659; x_wconf 85' lang='lat' dir='ltr'>omnia</span> <span class='ocrx_word' id='word_1_386' title='bbox 1374 2632 1552 2660; x_wconf 86' lang='lat' dir='ltr'>creantem</span> <span class='ocrx_word' id='word_1_387' title='bbox 1586 2637 1648 2661; x_wconf 89' lang='lat' dir='ltr'>suo</span> 
     </span>
     <span class='ocr_line' id='line_1_43' title="bbox 200 2674 1649 2719; baseline 0.001 -14"><span class='ocrx_word' id='word_1_388' title='bbox 200 2683 377 2718; x_wconf 87' lang='lat' dir='ltr'>quemque</span> <span class='ocrx_word' id='word_1_389' title='bbox 404 2675 509 2708; x_wconf 88' lang='lat' dir='ltr'>insito</span> <span class='ocrx_word' id='word_1_390' title='bbox 536 2685 633 2708; x_wconf 90' lang='lat' dir='ltr'>more</span> <span class='ocrx_word' id='word_1_391' title='bbox 659 2681 776 2718; x_wconf 84' lang='lat' dir='ltr'>patres</span> <span class='ocrx_word' id='word_1_392' title='bbox 810 2676 922 2709; x_wconf 89' lang='lat' dir='ltr'>divini</span> <span class='ocrx_word' id='word_1_393' title='bbox 951 2676 1190 2709; x_wconf 85' lang='lat' dir='ltr'>contendunt:</span> <span class='ocrx_word' id='word_1_394' title='bbox 1227 2684 1267 2706; x_wconf 88' lang='lat' dir='ltr'>ac</span> <span class='ocrx_word' id='word_1_395' title='bbox 1293 2684 1383 2718; x_wconf 88' lang='lat' dir='ltr'>quae</span> <span class='ocrx_word' id='word_1_396' title='bbox 1408 2674 1444 2706; x_wconf 92' lang='lat' dir='ltr'>in</span> <span class='ocrx_word' id='word_1_397' title='bbox 1467 2674 1532 2707; x_wconf 90' lang='lat' dir='ltr'>deo</span> <span class='ocrx_word' id='word_1_398' title='bbox 1560 2683 1649 2719; x_wconf 82' lang='lat' dir='ltr'>cog-</span> 
     </span>
     <span class='ocr_line' id='line_1_44' title="bbox 198 2721 1650 2766; baseline 0.002 -14"><span class='ocrx_word' id='word_1_399' title='bbox 198 2721 299 2754; x_wconf 83' lang='lat' dir='ltr'>nosci</span> <span class='ocrx_word' id='word_1_400' title='bbox 330 2727 479 2764; x_wconf 83' lang='lat' dir='ltr'>possunt</span> <span class='ocrx_word' id='word_1_401' title='bbox 502 2722 597 2756; x_wconf 87' lang='lat' dir='ltr'>clara</span> <span class='ocrx_word' id='word_1_402' title='bbox 625 2728 706 2756; x_wconf 83' lang='lat' dir='ltr'>sunt</span> <span class='ocrx_word' id='word_1_403' title='bbox 731 2723 882 2756; x_wconf 83' lang='lat' dir='ltr'>creatis:</span> <span class='ocrx_word' id='word_1_404' title='bbox 910 2723 1067 2756; x_wconf 86' lang='lat' dir='ltr'>increata</span> <span class='ocrx_word' id='word_1_405' title='bbox 1094 2727 1208 2755; x_wconf 85' lang='lat' dir='ltr'>autem</span> <span class='ocrx_word' id='word_1_406' title='bbox 1235 2725 1288 2754; x_wconf 86' lang='lat' dir='ltr'>est</span> <span class='ocrx_word' id='word_1_407' title='bbox 1313 2721 1482 2764; x_wconf 86' lang='lat' dir='ltr'>sapientia</span> <span class='ocrx_word' id='word_1_408' title='bbox 1498 2745 1509 2763; x_wconf 89' lang='lat'>,</span> <span class='ocrx_word' id='word_1_409' title='bbox 1536 2721 1650 2766; x_wconf 80' lang='lat' dir='ltr'>(filius</span> 
     </span>
     <span class='ocr_line' id='line_1_45' title="bbox 202 2768 1650 2815; baseline 0.001 -15"><span class='ocrx_word' id='word_1_410' title='bbox 202 2770 237 2800; x_wconf 84' lang='lat' dir='ltr'>et</span> <span class='ocrx_word' id='word_1_411' title='bbox 261 2768 352 2802; x_wconf 82' lang='lat' dir='ltr'>ratio</span> <span class='ocrx_word' id='word_1_412' title='bbox 377 2769 477 2815; x_wconf 85' lang='lat' dir='ltr'>dei),</span> <span class='ocrx_word' id='word_1_413' title='bbox 503 2779 571 2815; x_wconf 86' lang='lat' dir='ltr'>qua</span> <span class='ocrx_word' id='word_1_414' title='bbox 600 2775 635 2803; x_wconf 83' lang='lat' dir='ltr'>et</span> <span class='ocrx_word' id='word_1_415' title='bbox 660 2770 695 2803; x_wconf 90' lang='lat' dir='ltr'>in</span> <span class='ocrx_word' id='word_1_416' title='bbox 720 2779 789 2814; x_wconf 86' lang='lat' dir='ltr'>qua</span> <span class='ocrx_word' id='word_1_417' title='bbox 814 2770 981 2805; x_wconf 84' lang='lat' dir='ltr'>universa</span> <span class='ocrx_word' id='word_1_418' title='bbox 1009 2770 1100 2804; x_wconf 85' lang='lat' dir='ltr'>facta</span> <span class='ocrx_word' id='word_1_419' title='bbox 1122 2774 1213 2804; x_wconf 81' lang='lat' dir='ltr'>sunt.</span> <span class='ocrx_word' id='word_1_420' title='bbox 1259 2768 1321 2803; x_wconf 87' lang='lat' dir='ltr'>sed</span> <span class='ocrx_word' id='word_1_421' title='bbox 1357 2777 1430 2803; x_wconf 87' lang='lat' dir='ltr'>non</span> <span class='ocrx_word' id='word_1_422' title='bbox 1455 2773 1508 2803; x_wconf 87' lang='lat' dir='ltr'>est</span> <span class='ocrx_word' id='word_1_423' title='bbox 1537 2768 1650 2802; x_wconf 89' lang='lat' dir='ltr'>eidem</span> 
     </span>
    </p>
   </div>
  </div>
 </body>
</html>
