1768 3132
225 134 321 184 552
615 107 919 183 ἒικῑκέιῑιὶειοιιι
955 128 1284 185 enecone
1338 143 1355 157 ²

223 246 372 298 ἔλαθε,
420 246 520 303 πρὶν
560 245 699 289 ὄτιοῦν
736 245 980 288 ἀπόνασθαι
1006 249 1078 302 τῆς
1119 249 1330 304 σπουδῆς,
1370 247 1580 306 φρενίτιδι
1605 248 1680 293 καὶ

222 317 356 375 μανίᾳ
385 316 572 368 κάτοχος,
605 313 661 364 ὦς
680 313 864 370 εἴρηται,’
883 312 1060 370 γεγονώς
1091 314 1162 357 διὰ
1189 314 1414 372 ξηρότητος
1441 313 1677 371 ὑπερβολὴν

222 384 472 440 ἐγκεφάλου.
528 381 600 424 καί
631 380 683 422 τὰ
712 377 806 436 ἑξῆς
836 383 1038 441 λεγόντων
1078 380 1184 436 ὄμοῦ
1213 383 1286 425 καί
1312 379 1561 441 γραφόντων
1588 378 1675 424 ἑτέ-

224 466 310 507 ρων
338 449 449 492 ἔστιν
478 448 656 490 ἀκούειν.
715 446 762 488 οὗ
789 445 870 503 γὰρ
901 447 1171 500 ὀνειδίζοντες
1197 448 1450 504 μεμνήμεθα
1477 449 1560 491 τῶν
1585 465 1674 491 τοι-

223 518 354 561 ούτων
380 516 502 572 ἡμεῖς
529 506 622 558 νῦν·
696 514 818 570 ἴσμεν
861 514 942 572 γὰρ
975 513 1033 567 ὥς
1075 520 1272 572 πονηροῖς
1298 531 1343 558 τε
1385 515 1458 558 καί
1498 514 1709 571 ἀγαθοῖςῧ

220 585 285 626 ἐπ’
320 583 414 638 ἴσης
462 582 601 624 ἔπεισι
630 582 684 625 τὰ
710 583 871 633 τοιαδί,
921 578 982 633 οἷς
1020 582 1146 637 μόνος
1189 578 1277 624 οἶδε
1303 581 1481 637 κρίμασι
1506 580 1672 637 κύριος·

223 649 332 692 ἀλλὰ
358 651 440 691 τῶν
468 651 541 704 τῆς
576 648 766 705 ἱστορίας
794 650 1041 705 ἐγκειμένων
1071 653 1261 703 νομίμων
1285 648 1360 691 καὶ
1387 651 1488 691 καθ’
1519 648 1672 692 ἕκαστα

222 716 451 771 ζητούντων
484 713 671 765 ἅπαντα,
712 716 892 771 μετρίως
937 714 1058 770 ἦμεῖς
1102 715 1294 764 καὶτῶν
1321 710 1516 757 τοιούτων
1546 712 1673 756 ἁπτό-

128 785 347 838 ‘luceam
407 779 434 823 ἃ
463 780 717 837 πλατύτερον
747 782 883 838 ἕτεροι
915 780 1113 832 διεξιέναι
1140 780 1274 837 ἥκιστ’
1304 781 1521 825 ὀκνοῦσιν·
1584 779 1671 821 ἀλλ’

217 850 359 906 ἐκείνῳ
390 848 462 905 τὴν
495 848 633 891 αἰτίαν
657 851 808 904 σαφῶς
837 850 898 905 τῷ
917 849 1088 903 δαίμονι
1115 849 1485 904 παραπέμπουσιν,
1519 841 1556 907 ᾦ
1581 865 1671 890 πω-
1687 854 1732 892 10

215 917 334 972 νηρῷ
362 915 565 972 γενομένῳ
600 913 671 957 διὰ
699 916 943 971 βουλήσεως
972 916 1218 971 μοχθηρίαν
1240 916 1434 972 καθάπερ
1462 932 1525 966 τις
1553 917 1671 973 ἐφεῖ-

215 998 286 1024 ται
316 984 470 1038 κλῆρος
484 982 656 1032 ὀἷ’ίδιος,
687 983 769 1023 τῶν
807 982 943 1024 ἄλλοτ’
978 980 1114 1032 ἄλλως
1155 981 1378 1039 φυομένων
1408 997 1452 1023 τε
1479 982 1552 1026 καὶ
1578 983 1670 1024 ἐπι-

218 1048 442 1105 φυομένων
469 1064 513 1090 τε
543 1048 615 1090 καί
645 1049 941 1104 ἐπιφυομένων
984 1048 1091 1091 κατὰ
1116 1050 1188 1104 τῆς
1215 1050 1289 1091 τοῦ
1318 1050 1421 1091 θεοῦ
1450 1049 1671 1105 ἐκκλησίας

214 1114 421 1170 ἡγεῖσθαί
443 1130 487 1156 τε
515 1113 722 1169 αἱρέσεων
760 1116 833 1158 καί
881 1115 1016 1157 πάντα
1048 1116 1154 1171 δρᾶν
1194 1114 1246 1156 τὰ
1268 1115 1550 1168 χαλεπώτατα
1577 1119 1667 1157 κατ’

215 1182 423 1231 ἐξουσίαν,
453 1180 526 1222 καί
559 1179 646 1235 ἅμα
678 1182 885 1236 ἐρεθίζειν
912 1181 955 1232 ἔς
981 1198 1027 1237 γε
1055 1181 1100 1224 τὸ
1132 1182 1325 1224 πλάττειν
1357 1181 1501 1238 ἁγίους
1529 1181 1666 1239 αὖθη-
1683 1190 1726 1226 15

210 1246 365 1302 μερόν,
406 1247 478 1289 καί
517 1248 632 1288 ταῦτ’
675 1248 859 1297 ἐκείνους
909 1247 953 1288 οἳ
988 1245 1060 1304 τὴν
1100 1250 1173 1303 τῆς
1207 1249 1404 1304 λατρείας
1444 1247 1669 1304 ἡγεμονίαν
1707 1260 1709 1262 ’

212 1316 351 1372 ἐκείνῳ
381 1332 424 1357 τε
451 1315 736 1367 ἐκδεδοόκασι,
779 1316 852 1358 καί
884 1314 994 1366 ἅπας
1038 1315 1187 1367 αὐτούς
1214 1316 1287 1359 καί
1325 1317 1418 1370 βίος
1445 1316 1518 1358 καί
1548 1314 1669 1370 λόγος

210 1381 284 1423 καί
314 1385 467 1438 πρᾶξις
506 1384 581 1425 τοῦ
609 1384 692 1425 τῶν
722 1382 966 1438 ὄρθοδόξων
1007 1382 1140 1424 πάλαι
1171 1382 1377 1439 διέγραψέ
1404 1398 1448 1424 τε
1493 1382 1566 1425 καί
1592 1397 1667 1424 πε-

212 1451 344 1504 ριεῖλε
368 1449 528 1505 χοροῦ,
571 1450 639 1490 ἵνα
670 1447 731 1503 μὴ
770 1445 941 1499 ὁπόσοις
980 1449 1086 1504 λέγω
1130 1448 1202 1491 καί
1229 1446 1302 1505 ὑφ’
1334 1447 1453 1491 ὅσων
1471 1450 1554 1490 τῶν
1583 1465 1666 1491 πα-

209 1516 428 1569 τριαρχαῖν
469 1530 512 1556 τε
561 1515 635 1557 καί
676 1514 918 1557 ἐπισκόπων
971 1515 1183 1571 φυομένης
1218 1511 1301 1570 ἤδη
1342 1517 1415 1570 τῆς
1464 1514 1726 1572 αἱρέσεως20
1767 1567 1768 1571 ¹

210 1578 481 1634 α’ναθέμασιν
509 1581 757 1635 ἐμπεσόντες
786 1583 846 1638 τῷ
877 1582 1032 1638 αἰωνίῳ
1071 1581 1179 1638 πυρὶ
1205 1580 1591 1638 παρεπέμφθησαν.

122 1656 193 1690 45
343 1647 435 1689 Καὶ
462 1649 592 1689 ταῦτα
621 1649 699 1702 μὲν
725 1649 868 1690 τοῦτον
895 1647 995 1701 ἔσχε
1023 1646 1094 1690 τὸν
1116 1648 1276 1704 ,τρόπον
1290 1678 1305 1698 ,
1336 1646 1418 1703 ἐγώ
1458 1650 1495 1690 δ’
1537 1649 1667 1691 ἐκεῖνο

47 1714 151 1752 1:270
162 1728 195 1752 a.
208 1713 539 1769 ἐπαναλήψομαι
562 1715 649 1756 νῦν.
678 1713 715 1756 οἱ
743 1714 824 1771 γὰρ
853 1713 898 1757 τὸ
915 1716 955 1757 Γ
956 1714 1229 1770 αλαταᾶνυμον
1255 1713 1420 1768 ἔχοντες
1450 1713 1666 1773 φρούριον,

300 1831 358 1864 22.
386 1830 484 1873 Quae
510 1831 593 1865 hinc
618 1836 825 1877 sequuntur,
851 1842 965 1877 usque
993 1832 1036 1866 ad
1059 1832 1163 1866 finem
1188 1831 1292 1866 huius
1319 1832 1464 1874 codicis,
1489 1841 1560 1866 non
1585 1837 1666 1866 sunt

301 1876 404 1911 huius
430 1878 502 1911 loci
528 1879 591 1913 sed
615 1884 698 1913 ante
721 1880 859 1913 initium
879 1879 963 1913 libri
990 1879 1034 1914 37
1062 1878 1173 1925 (362²)
1201 1878 1373 1912 collocari
1400 1879 1541 1914 debent.
1567 1879 1653 1915 ΗΜ.

203 1986 279 2020 hri:
309 1991 344 2020 et
368 1988 553 2032 sequentia
579 1988 622 2021 ab
647 1987 728 2021 aliis
750 1989 946 2022 dicentibus
973 1988 1074 2023 simul
1102 1994 1137 2022 et
1148 1988 1382 2022 scribentibus
1409 1989 1531 2022 audire
1554 1988 1661 2033 plicet:

202 2043 319 2077 neque
344 2035 435 2067 enim
473 2040 507 2067 ct
532 2041 756 2069 accusatores
791 2035 874 2069 talia
913 2046 979 2069 nos
1013 2046 1106 2069 nunc
1131 2036 1374 2069 meminimus:
1415 2036 1544 2069 scimus
1569 2037 1661 2070 enim

201 2080 302 2114 malis
329 2081 431 2114 simul
461 2087 495 2114 et
520 2082 622 2115 bonis
651 2084 726 2125 pari
752 2083 854 2116 modo
881 2083 965 2116 talia
991 2083 1177 2116 immittere
1195 2083 1368 2115 dominum
1389 2082 1543 2124 iudiciis,
1570 2094 1660 2127 qnae

200 2128 302 2160 novit
329 2127 439 2160 solus.
489 2129 550 2162 sed
590 2140 633 2162 ex
658 2130 701 2162 iis
727 2140 816 2174 quae
842 2135 923 2163 sunt
956 2131 992 2163 in
1019 2130 1167 2162 historia
1191 2130 1283 2162 iusta
1317 2135 1352 2162 et
1377 2129 1517 2173 singula
1543 2131 1659 2164 omnia

202 2180 388 2217 quaerunt,
417 2180 451 2207 et
476 2185 540 2208 nos
568 2177 671 2209 etiam
708 2177 847 2210 modice
877 2187 919 2210 ea
952 2177 1176 2219 attingimus,
1212 2186 1301 2220 quae
1326 2175 1468 2219 longuis
1492 2179 1658 2221 persequi

200 2220 263 2254 alii
288 2221 430 2254 minime
457 2227 688 2255 cunctantur:
725 2224 786 2257 sed
811 2229 932 2267 aperte
962 2224 995 2257 ei
1023 2224 1184 2256 daemoni
1218 2222 1353 2266 culpam
1379 2222 1570 2265 ascribunt,
1601 2223 1658 2257 cui

198 2267 292 2300 malo
332 2268 424 2301 sacto
460 2279 524 2312 per
559 2269 750 2303 voluntatis
786 2272 979 2314 nequitiem
1016 2271 1115 2314 quasi
1141 2279 1218 2303 sors
1255 2270 1421 2314 quaedam
1449 2270 1579 2303 tributa
1604 2277 1658 2305 est

198 2315 420 2358 peruiciosa,
454 2316 648 2359 principem
685 2327 762 2350 esse
788 2317 987 2351 haeresium
1021 2317 1079 2349 hic
1107 2316 1183 2349 illic
1217 2322 1338 2350 contra
1375 2317 1432 2350 dei
1469 2317 1655 2351 ecclesiam

197 2362 415 2394 nascentium
457 2372 498 2395 ac
532 2364 791 2396 renascentium
817 2370 851 2397 et
889 2365 1040 2407 pessima
1066 2374 1225 2407 quaeque
1264 2363 1387 2408 ‘facere
1425 2372 1489 2407 pro
1521 2364 1654 2398 viribus

197 2409 288 2448 suis,
318 2408 493 2453 simulque
527 2416 663 2443 certare
690 2411 856 2444 continuo
892 2417 1013 2444 contra
1055 2410 1414 2454 repraesentationem
1440 2415 1652 2444 sanctorum.

197 2459 302 2498 atque
339 2455 428 2488 haec
470 2457 609 2500 quidem
649 2456 742 2492 illos,
759 2458 818 2501 qui
855 2458 969 2491 cultus
1004 2458 1186 2501 imperium
1220 2457 1252 2489 ei
1290 2457 1507 2490 tradiderunt
1546 2462 1652 2501 atque

199 2501 310 2533 omnis
352 2507 386 2534 et
424 2503 498 2536 vita
530 2509 564 2536 et
597 2504 722 2548 agendi
763 2505 852 2537 ratio
890 2505 932 2538 ab
962 2505 1168 2538 orthodoxis
1202 2504 1405 2536 discernunt
1436 2508 1515 2536 eta
1541 2504 1650 2537 choro

196 2554 407 2591 segregant:
434 2560 479 2582 ne
505 2550 617 2583 dicam
643 2561 663 2584 a
693 2556 778 2594 quot
803 2552 869 2583 iam
896 2557 931 2584 et
956 2551 1166 2594 patriarchis
1193 2555 1228 2583 et
1253 2551 1431 2593 episcopis
1446 2560 1549 2594 quum
1564 2561 1648 2583 nas-

195 2599 335 2627 ceretur
370 2595 548 2638 haeresis,
587 2598 623 2630 in
663 2598 883 2631 anathemata
915 2599 1134 2640 incidentes,
1169 2598 1205 2631 in
1231 2602 1411 2630 aeternum
1435 2597 1552 2641 ignem
1578 2599 1652 2632 sint

195 2640 349 2675 demissi.
401 2648 504 2687 atque
531 2643 618 2677 haec
644 2645 783 2689 quidem
810 2645 992 2679 hactenus.

330 2705 401 2741 lam
427 2715 513 2740 vero
546 2716 587 2739 eo
616 2707 709 2742 unde
728 2707 906 2742 declinavi
930 2712 1103 2743 revertas.
1152 2707 1212 2753 qui
1238 2706 1440 2742 Galatorum
1466 2706 1649 2743 castellum
