1786 3138
262 126 362 184 482'
459 129 482 147 ’“
506 130 515 138 ”
627 132 634 142 ’“
665 132 981 184 ‘monmom
1025 101 1332 183 carenam

262 250 412 290 θεκτον
442 246 643 301 ἀπονέμει
671 246 744 289 καὶ
771 246 928 289 τέλειον
955 247 1028 289 καί
1059 245 1287 302 ἡγούμενον
1315 243 1452 289 εἴτουν
1468 241 1716 303 ὖπερκείμεή

260 329 344 365 νον,
372 315 426 370 τῇ
452 315 498 356 δὲ
529 313 705 371 δευτέρα
735 311 781 355 τὸ
811 313 989 367 μετέχον
1006 313 1080 356 καὶ
1105 312 1384 367 μετεχόμενον
1403 312 1477 371 καί
1495 310 1572 356 τοῦ
1599 311 1717 369 προό-

260 396 334 422 του
365 380 717 436 καταδεέστερον,
764 380 837 421 καὶ
869 378 957 434 ἅμα
985 380 1116 434 μέσον
1148 379 1318 429 ἀτελοῦς
1348 379 1421 422 καὶ
1446 378 1607 423 τελείου
1625 410 1637 430 ,
1665 380 1720 435 τῇ

263 446 309 488 δὲ
335 446 452 502 τρίτῃ
477 446 526 488 τό
550 461 594 487 τε
633 446 775 496 ἀτελὲς
812 446 885 488 καί
933 445 1109 500 μετέχον
1133 446 1234 500 μέν,
1279 445 1327 488 οὗ
1351 446 1630 501 μετεχόμενον
1659 444 1718 487 δέ.

262 511 461 554 σκεπτέον
492 508 565 553 οὖν
594 512 667 554 καί
690 510 807 562 ὅπως
836 511 1077 569 συμφώνως
1105 513 1246 568 ἐκείνῳ
1272 513 1345 555 καί
1373 513 1594 568 Παλαμᾶς
1620 509 1753 566 ὅνταό

263 579 438 621 διπλοῦν
482 577 554 620 τόν
587 579 776 635 Χριστὸν
818 578 898 620 κάκ
938 578 1080 634 μόνων
1129 580 1248 621 δυοῖν
1293 579 1482 636 φύσεων,
1523 573 1721 635 θεότητος

260 645 368 701 λέγω
398 646 471 688 καί
501 645 835 702 ἀνθρωπότητος,
867 647 1088 697 σύνθετον,
1121 647 1180 696 εἷς
1209 648 1410 703 τριπλοῦν
1435 645 1565 697 ἀὐτὸς
1594 645 1719 688 αὐτὸν

260 711 366 754 κατὰ
394 710 440 754 τὸ
476 712 703 768 Θαβιόριον
728 713 1001 769 ἐδογμάτισεν
1030 710 1129 768 ὅρος
1154 714 1528 767 μεταπεπλάσθαι·
1585 712 1719 768 μέσην

259 776 341 834 γὰρ
391 775 520 833 ἄλλην
561 775 750 821 ἄκτιστον
792 777 1078 835 παρεμβαλὼν
1119 775 1320 836 θεότητα’,
1366 778 1412 822 τὸ
1454 781 1546 836 φῶς
1573 780 1718 829 ἐκεῖνο,

89 843 488 901 Ῑ.246α.ὗφειμένην
523 844 698 901 ἐκήρυξε
741 846 813 887 καί
856 844 980 895 αὐτὸς
1018 847 1127 888 κατὰ
1153 847 1355 902 Πρόκλον
1391 848 1622 902 κεκτῆσθαι
1647 845 1752 900 τὴνι

260 912 376 963 τάξιν
403 910 559 967 μεταξὺ
586 913 747 955 τελείου
778 913 851 955 καὶ
881 913 1062 963 ἀτελοῦς,
1091 913 1166 955 καί
1187 912 1363 967 μετέχον
1388 913 1462 955 καί
1488 911 1718 968 μετεχόμε-

175 989 247 1024 16
261 995 332 1023 νον
354 974 473 1021 εἶναι.
545 978 618 1021 καί
662 979 708 1022 τό
736 995 782 1036 γε
821 981 1061 1032 εἰθισμένον
1092 979 1207 1037 αὐτῷ
1243 983 1500 1022 πλεονεκτεῖν
1525 979 1722 1035 πανταχῇ

259 1051 347 1097 τοῖς
385 1051 555 1098 κακοῖς,
600 1047 840 1102 προσέθηκε
887 1047 1104 1089 κάνταῦθα
1159 1047 1232 1090 καί
1280 1046 1403 1097 αὐτὸς
1450 1045 1616 1090 οἴκοθεν
1660 1046 1721 1102 τῷ

264 1114 440 1156 ἀκτίστω
480 1113 553 1155 καί
601 1113 780 1169 ἀνουσίῳ
822 1112 868 1155 τὸ
909 1112 1086 1169 ὁρατόν,
1127 1115 1259 1157 ταῦτα
1305 1112 1356 1169 δὴ
1382 1112 1435 1156 τὰ
1468 1112 1722 1168 ἀξύμβλητα.

263 1181 338 1223 καί
368 1179 441 1222 οῦκ
474 1181 655 1222 αἰδεῖται
679 1183 957 1237 συκοφαντῶν
986 1182 1059 1224 καί
1086 1182 1287 1238 μάρτυρα
1318 1180 1522 1238 παράγων
1547 1178 1620 1222 τὸν
1649 1194 1754 1231 ‹ro-1

266 1247 456 1304 φώτατον
505 1248 661 1290 ἐκεῖνον
704 1249 776 1290 καί
819 1250 937 1290 θεῖον
971 1249 1177 1303 Μάξιμον
1218 1253 1306 1298 τοῖς
1334 1236 1557 1305 βρεφικοῖς
1596 1244 1723 1288 αὑτοῦ

263 1317 531 1368 ψελλίσμασι
559 1314 632 1355 καί
659 1314 932 1371 βλασφήμοις
961 1316 1336 1372 παραληρήμασιν.
1394 1313 1493 1356 οὐδὲ
1520 1311 1602 1369 γὰρ
1633 1311 1723 1354 οὐδ’

263 1380 394 1422 ἐκεῖνο
446 1382 624 1435 συνῆκεν
674 1382 833 1423 ἐκείνου
885 1381 1072 1437 λέγοντος
1128 1379 1278 1433 αὖθις,
1325 1380 1382 1432 ὡς
1427 1380 1591 1423 πάντων
1642 1379 1725 1422 τῶν

262 1443 394 1489 ὄντων
450 1447 523 1488 καί
565 1448 827 1501 μετεχόντων
879 1449 951 1491 καί
999 1451 1214 1501 μεθεκτῶν
1267 1448 1487 1505 ἀπειράκις
1541 1447 1727 1502 ἀπείρως

262 1511 574 1569 ὖπερεξῇρηται
624 1513 647 1555 ὅ
693 1514 811 1565 θεός·
885 1517 923 1557 εἰ
977 1515 1058 1572 γὰρ
1098 1509 1154 1558 ἱτὸ
1198 1514 1403 1570 μεθεκτὸν
1444 1516 1575 1558 ἐκεῖνο
1636 1514 1759 1570 φῶςςι

261 1578 336 1634 τὴν
378 1579 504 1636 αὐτὴν
539 1583 601 1638 τῷ
627 1582 844 1635 μετέχοντι
871 1584 987 1634 τάξιν
1026 1583 1140 1636 ἔχει,
1180 1583 1253 1626 καί
1292 1583 1512 1639 ἀπειράκις
1543 1581 1727 1637 ἀπείρως

262 1644 436 1701 ὑφεῖται
478 1646 548 1689 τὸν
598 1648 725 1691 αὐτὸν
760 1655 848 1699 τοῖς
885 1651 1087 1705 κτίσμασι
1126 1651 1302 1707 τρόπον,
1345 1649 1465 1693 ἔσται
1494 1646 1579 1706 ἄρα
1610 1649 1727 1690 δυοῖν

263 1714 467 1770 θάτερον·
507 1711 535 1771 ἢ
559 1713 640 1772 γὰρ
669 1716 823 1771 κτίσμα
845 1718 918 1759 καί
954 1716 1054 1760 aevia
1082 1720 1190 1760 κατὰ
1214 1716 1366 1760 ταῦτὸν
1386 1722 1474 1767 τοῖς
1499 1715 1726 1772 μετέχουσι

264 1875 317 1909 nit
352 1875 519 1919 ordines,
559 1886 708 1922 quorum
740 1879 853 1922 primo
892 1879 1157 1923 particeptibile
1188 1879 1347 1914 vindicat
1384 1884 1420 1914 ct
1454 1877 1652 1912 absolutam
1690 1882 1726 1911 et
1785 1918 1786 1923 ¹

264 1922 485 1966 principale,
517 1924 551 1958 id
585 1930 639 1958 est
670 1925 895 1968 subiectum,
940 1927 1094 1960 secundo
1130 1927 1166 1960 id
1211 1927 1303 1971 quod
1342 1927 1528 1970 participat
1567 1930 1602 1958 et
1632 1924 1725 1969 qnod
1783 1947 1786 1971 5

265 1971 498 2013 participatur
537 1976 570 2005 et
607 1974 726 2015 priore
760 1974 873 2006 minus
906 1973 1103 2007 absolutum
1145 1979 1180 2008 et
1203 1974 1353 2008 medium
1390 1973 1495 2007 simul
1528 1973 1621 2005 iuter
1653 1981 1724 2005 noa
1784 1983 1786 1986 ⁴

264 2016 465 2051 absolutum
509 2024 543 2052 et
576 2019 797 2062 absolutum,
835 2021 940 2054 tertio
982 2031 1053 2054 non
1095 2021 1292 2055 absolutum
1331 2026 1366 2055 et
1399 2021 1433 2054 id
1470 2019 1563 2064 quod
1611 2020 1725 2063 parti·
1781 2032 1786 2061 4

266 2064 360 2107 cipat
404 2070 438 2098 et
484 2067 575 2110 quod
621 2068 876 2111 participatur,
927 2069 1113 2102 videndum
1166 2070 1270 2102 etiam
1307 2073 1390 2110 est,
1429 2066 1603 2111 quomodo
1647 2076 1724 2100 cum

263 2110 329 2144 illo
393 2114 620 2147 consentiens
662 2114 819 2148 Palamas
866 2115 1042 2159 duplicem
1087 2116 1263 2151 Christum
1316 2126 1361 2148 ex
1408 2115 1540 2148 duabus
1592 2118 1725 2147 tantum

262 2159 423 2200 naturis,
458 2160 601 2194 deitatis
639 2166 674 2195 et
709 2161 955 2204 humanitatis,
994 2164 1223 2207 compositum
1259 2163 1295 2196 in
1329 2162 1506 2205 triplicem
1538 2161 1574 2194 in
1607 2165 1724 2194 monte
1783 2204 1785 2206 q

263 2205 402 2239 Thabor
448 2207 663 2242 immutatum
700 2209 871 2243 docuerit.
942 2210 1045 2243 aliam
1090 2211 1180 2243 enim
1224 2210 1371 2244 mediam
1409 2210 1601 2242 increatam
1644 2208 1725 2241 dei-

263 2257 368 2285 tatem
402 2254 645 2298 interpositam
685 2257 773 2289 dixit
809 2257 999 2290 secundum
1023 2257 1183 2291 Proclum
1217 2257 1333 2291 locum
1369 2256 1499 2290 habere
1532 2256 1625 2288 inter
1658 2253 1724 2287 ab..

266 2300 419 2333 solutum
444 2307 479 2334 et
504 2312 574 2335 non
603 2303 801 2336 absolutum
829 2309 864 2337 et
887 2315 965 2337 esse
990 2305 1024 2338 id
1053 2305 1145 2349 quod
1185 2305 1371 2348 participat
1396 2309 1431 2337 et
1456 2303 1549 2347 quod
1577 2301 1724 2345 partici-

264 2352 379 2390 patur.
433 2354 467 2381 et
494 2359 560 2393 qua
585 2350 716 2394 ubique
748 2352 924 2394 pravitate
949 2351 1125 2385 abundare
1151 2351 1314 2393 solebat,
1350 2351 1480 2384 ibidem
1505 2351 1663 2382 increato
1691 2352 1726 2381 et

266 2394 488 2428 inessentiali
516 2397 660 2430 visibile
685 2398 829 2431 addidit.
880 2399 967 2432 haec
996 2409 1082 2432 vero
1109 2399 1264 2432 conferri
1289 2408 1359 2431 non
1377 2402 1536 2441 possunt,
1564 2407 1631 2429 nec
1658 2404 1725 2429 ve-

265 2445 376 2483 retur,
402 2453 448 2476 ne
475 2443 573 2476 falsis
599 2445 962 2489 argumentationibus
988 2451 1114 2480 testem
1140 2446 1238 2479 illum
1276 2451 1310 2478 et
1334 2446 1491 2479 divinum
1521 2449 1556 2477 et
1581 2444 1726 2486 sapien..

266 2488 440 2522 tissimum
476 2491 658 2525 Maximum
699 2492 830 2535 puerili
867 2503 1030 2526 sermone
1064 2498 1099 2526 et
1140 2492 1433 2536 blasphemiarum
1464 2491 1607 2534 ineptiis
1642 2498 1726 2522 usus

269 2542 452 2579 coarguat.
514 2548 581 2571 nec
615 2540 706 2572 enim
745 2539 926 2573 intellexit
960 2540 1058 2574 illius
1095 2541 1311 2581 orationem,
1351 2549 1456 2582 supra
1495 2539 1610 2571 omnia
1637 2545 1727 2580 quae

269 2583 484 2627 participant
520 2590 555 2618 et
589 2596 679 2630 quae
718 2587 974 2630 participantur
1001 2598 1081 2621 esse
1111 2589 1147 2621 in
1174 2588 1347 2621 infinitum
1374 2587 1502 2619 elatum
1530 2586 1644 2619 deum.
1697 2583 1728 2617 ai
1767 2614 1770 2618 Δ

269 2631 362 2663 enim
396 2633 606 2675 participata
639 2633 703 2666 illa
735 2634 796 2667 lux
822 2635 970 2668 eundem
1009 2645 1085 2668 cum
1129 2634 1353 2678 participanti
1379 2634 1536 2667 ordinem
1564 2631 1670 2665 babet
1694 2635 1729 2663 et
1783 2675 1786 2677 Β

266 2676 302 2709 in
330 2678 502 2712 infinitum
541 2680 654 2713 eidem
680 2691 756 2714 cum
783 2682 956 2715 creaturis
981 2683 1110 2715 rationi
1135 2682 1294 2715 subiecta
1320 2687 1396 2723 est,
1430 2681 1492 2714 flet
1523 2690 1568 2713 ex
1593 2677 1727 2713 duobus
1785 2712 1786 2715 ,

266 2723 431 2760 alterum.
492 2737 573 2761 nam
605 2733 667 2762 aut
704 2733 859 2763 creatum
897 2729 990 2764 idem
1033 2739 1074 2764 ac
1099 2729 1346 2774 participantia
1374 2737 1502 2772 opera,
1526 2731 1588 2762 aut
1612 2725 1729 2760 omnia
1771 2758 1786 2777 Ξῖ
