1826 3120
285 152 381 198 312
576 156 582 199 j
681 139 997 199 Nicsspflom‘
1015 129 1322 200 GamoanE
1345 197 1349 201 .

193 271 267 306 88
281 261 424 308 ἔπειτα
451 266 491 307 εἰ
515 263 589 319 τήν
610 263 820 319 ἐνέργειαν
839 261 980 316 ἕτερον
998 258 1105 303 εἶναι
1134 263 1264 316 λέγεις
1285 263 1390 306 κοΐπί
1413 264 1517 306 θεοῦ
1545 260 1736 318 καθάπερ

282 331 352 374 ἐπὶ
380 333 464 373 τῶν
494 333 710 374 συνθέτων
741 330 884 384 ἡμῶν,
927 331 999 370 καί
1037 330 1155 378 ἰδίως
1197 325 1389 373 ἇκτιστον
1424 328 1600 387 θεότητα
1624 361 1636 384 ,
1665 331 1740 373 καί

281 395 392 440 ἔστιν
421 395 621 451 ἑκάτερον
648 394 804 438 τούτων
835 391 946 449 ὅπερ·
973 395 1048 436 οὐκ
1077 393 1186 437 ἔστιν
1216 391 1423 450 ἑκάτερον,
1457 398 1532 438 καί
1557 394 1628 438 αἐἰ
1653 394 1738 438 θά-

283 479 403 518 τερον
431 464 546 518 παροὶ
568 463 752 518 θάτερον
771 462 1009 517 α’μοιβαδόν
1030 461 1104 518 τήν
1130 463 1342 521 διαφοράν
1361 465 1434 507 καί
1449 463 1597 520 μάχην
1625 467 1737 517 λαμ-

279 528 406 584 βάνον
438 531 575 584 λόγοις
620 530 692 572 καί
737 531 980 585 πράγμασιν
1013 530 1188 587 (ἀνάγκη
1229 532 1309 586 γὰρ
1357 527 1409 572 ἂν
1442 529 1506 587 εἴη
1535 532 1650 573 πᾶσα
1682 530 1769 580 τάξ,

281 593 415 646 οὕτως
446 596 642 650 α’λλότρια
674 600 724 654 τῇ
753 598 880 652 φύσει
915 597 987 639 καί
1014 600 1201 657 σημασίᾳ
1234 597 1299 651 μή
1330 597 1480 640 ταύτὸν
1509 593 1616 640 εἶναι
1647 601 1732 641 θα-

278 666 384 720 τέρῳ
416 663 632 719 θάτερον),
659 662 776 706 ἔσται
811 660 916 719 ἄρα,
947 666 986 706 εἰ
1014 665 1036 719 ἢ
1074 664 1258 720 ἐνέργεια
1286 661 1477 715 ἅκτιστος
1504 666 1578 707 καί
1605 666 1736 707 ἄνοι’-

277 745 379 782 σιος,
409 729 550 785 κτιστὴ
580 730 603 784 ἦ
636 731 760 773 οὐσία
776 735 857 784 {zai
877 731 1160 788 α’νενέργητος,
1192 732 1247 781 ὥς
1267 732 1460 787 α’νωτέρω
1481 746 1527 786 γε
1547 731 1735 788 η’κηκόεις

278 797 361 837 τῶν
388 798 515 837 θείων
544 802 633 839 κατ’
674 796 909 853 ἐπιστήμην
953 796 1004 840 τὰ
1039 800 1205 841 ἐναντία
1235 804 1319 849 τοῖς
1362 800 1563 847 ἐναντίοις
1592 796 1734 853 ὄριζοᾱ

277 865 412 916 μένων
440 863 622 918 ἀνδρῶν.
691 865 729 907 εἰ
758 866 813 906 δὲ
844 867 917 907 καί
955 865 1005 907 τὸ
1041 868 1113 919 τῆς
1145 866 1356 921 ἐνεργείας
1398 860 1527 918 ὄνομα
1566 867 1733 920 γενικῶς
1748 878 1792 914 10

278 928 383 971 κατὰ
410 931 457 972 σὲ
489 929 653 973 πάντων
682 933 744 974 ἐπ’
784 930 876 987 ἴσης
906 938 1170 988 κατηγοροῖτο
1208 935 1290 975 τῶν
1321 930 1561 985 ὄνομάτων,
1602 931 1734 979 δυνά-

275 1012 388 1049 μεως
415 998 533 1050 λέγω,
572 1002 726 1055 σοφίας
767 1000 875 1053 ζωῆς
918 997 1057 1055 φωτὸς
1095 1001 1239 1052 θυμοῦ
1268 1001 1566 1054 μακροθυμίας
1609 998 1733 1055 ὀργῆς

277 1062 504 1118 οἶοργησιάς
544 1067 616 1106 καί
659 1066 742 1107 τῶν
773 1066 985 1117 τοιούτων,
1014 1061 1128 1115 ὅσοις
1167 1065 1191 1120 ἧ
1222 1068 1320 1107 θεία
1362 1067 1560 1121 κέχρηται
1587 1065 1731 1122 γραφὴ

276 1131 524 1182 θεοπρεπῶς
564 1137 868 1187 καταφατικοῖς
899 1147 940 1173 τε
983 1132 1055 1174 καί
1082 1132 1360 1188 α’ποφατικοῖς
1396 1133 1470 1173 καί
1499 1131 1732 1186 α’ντικειμέ-

275 1210 360 1244 νοις
391 1196 606 1251 ο’νόμασιν,
634 1199 929 1252 ἐπιδραμεῖται
959 1196 1104 1241 λοιπόν
1133 1199 1205 1241 καί
1225 1201 1325 1241 πᾶσι
1347 1200 1509 1248 τούτοις
1532 1201 1596 1243 ἐπ’
1625 1198 1732 1255 ἴσης,
1747 1214 1791 1253 15,

112 1261 262 1301 f.145v·
277 1263 349 1303 καί
377 1260 529 1316 ὁμοίως
558 1264 627 1306 dei
670 1263 971 1320 κατορχήσεται
1002 1267 1083 1307 ταῖν
1129 1265 1350 1319 ὀνομάτων
1383 1262 1577 1307 ἁπάντων
1606 1264 1732 1308 τᾶτό-

275 1345 422 1383 πημα,
465 1332 539 1372 καί
569 1329 792 1373 στασιάσει
830 1330 935 1385 πρὸς
964 1330 1091 1374 ἑαυτὸ
1139 1331 1184 1374 τό
1216 1335 1287 1387 τῆς
1334 1333 1544 1386 ἐνεργείας
1585 1326 1730 1386 ὄνομα,

276 1395 432 1451 ταύτης
463 1396 513 1450 δή
546 1399 618 1451 τῆς
650 1397 895 1449 ἰδιαζόντως
927 1397 1041 1441 ’κατα
1077 1402 1124 1441 σὲ
1157 1399 1379 1455 λεγομένης
1407 1397 1600 1442 ἇκτίστου
1629 1398 1732 1442 θεό-

273 1478 410 1518 τητος.
444 1464 541 1505 καθ’
571 1463 595 1504 ὃ
622 1465 703 1519 γὰρ
737 1466 908 1508 ἕκαστον
936 1462 1378 1520 ἐκοίστονζταῖνᾶλλων
1410 1467 1594 1509 λείπεται
1623 1468 1732 1510 πάν-

272 1546 365 1581 των,
393 1532 481 1572 κατ’
513 1533 643 1573 έκεῖνο
670 1534 752 1574 τῶν
783 1528 921 1575 ἄλλων
953 1530 1146 1576 ἁπάντων
1169 1531 1409 1590 η’λάττωταί
1436 1549 1477 1575 τε
1505 1533 1578 1576 καί
1607 1534 1787 1590 η’λλο-20

271 1599 454 1650 τρίωται.
513 1598 584 1640 καί
614 1599 656 1639 ἓν
682 1595 790 1641 εἶναι
820 1598 985 1650 πάντως
1017 1601 1166 1642 ου’σιάν
1198 1599 1460 1654 ὁμολογεῖται
1500 1599 1574 1642 καί
1603 1601 1730 1656 φύσει

272 1665 354 1705 πᾶν
381 1661 405 1705 ὃ
435 1667 599 1720 λέγεται
630 1665 702 1708 καί
732 1666 986 1721 ὀνομάζεται
1018 1670 1263 1723 θεοπρεπῶς
1301 1666 1415 1723 ἡμῖν,
1443 1670 1516 1711 καί
1543 1665 1632 1710 ἔστι
1659 1667 1733 1716 καί,

271 1897 471 1932 ficationem
498 1898 632 1932 ambae.
683 1899 811 1933 deinde
834 1900 864 1934 si
890 1900 1118 1935 efficientiam
1144 1900 1317 1935 diversam
1344 1910 1423 1945 esse
1448 1901 1537 1935 dicis
1564 1902 1668 1936 etiam
1691 1903 1727 1937 in

271 1946 350 1986 deo,
377 1950 414 1978 ut
438 1946 473 1978 in
494 1946 597 1979 nobis
625 1947 854 1991 compositis,
882 1953 917 1981 et
942 1949 1087 1992 proprie
1113 1949 1304 1982 increatam
1334 1948 1578 1996 divinitatem,
1609 1955 1644 1984 et
1667 1956 1727 1984 ut..

273 2003 422 2036 rumque
449 1998 514 2034 est,
542 1994 634 2038 quod
658 1994 808 2028 alterum
834 2005 905 2028 non
932 2001 997 2037 est,
1025 2001 1060 2029 et
1077 2005 1217 2039 semper
1241 1995 1390 2030 alterum
1417 2004 1502 2038 prae
1525 1996 1640 2030 altero
1668 1998 1726 2031 in-

270 2040 386 2073 vicem
413 2039 645 2073 differentiam
673 2047 708 2074 et
733 2052 887 2086 pugnam
912 2043 1061 2086 suscipit
1089 2042 1208 2076 verbis
1234 2047 1269 2076 et
1292 2042 1411 2084 rebus,
1440 2046 1514 2087 (est
1542 2045 1633 2077 enim
1657 2055 1725 2078 ne-

275 2097 376 2120 cesse
406 2087 571 2129 omnino,
599 2099 690 2132 quae
724 2093 791 2121 tam
825 2090 895 2123 sint
919 2089 1036 2123 aliena
1067 2094 1102 2123 et
1127 2095 1250 2123 natura
1275 2095 1310 2123 et
1334 2090 1620 2134 significatione,
1653 2102 1725 2125 non

269 2134 360 2167 idem
390 2144 467 2166 esse
494 2135 596 2168 alteri
625 2135 793 2180 alt'erum)
822 2137 889 2170 erit
914 2137 1023 2181 igitur
1053 2137 1083 2170 si
1111 2137 1302 2170 efficientia
1332 2137 1489 2170 increata
1525 2143 1579 2171 est
1606 2143 1641 2172 et
1666 2139 1724 2179 in-

272 2180 485 2221 essentialis,
511 2187 629 2215 creata
656 2188 690 2215 et
719 2183 886 2217 inefficax
915 2184 1081 2225 essentia,
1109 2189 1148 2217 ut
1172 2194 1277 2227 supra
1304 2184 1470 2218 audivisti
1496 2184 1636 2218 divinos
1664 2187 1724 2220 vi-

269 2237 328 2260 ros
355 2228 543 2262 secundum
572 2229 715 2273 regulas
751 2230 1003 2274 philosophiae
1038 2231 1213 2265 contraria
1239 2231 1423 2264 contrariis
1461 2231 1620 2265 definire.
1670 2234 1724 2268 sin

269 2279 384 2307 autem
413 2275 516 2308 etiam
539 2276 754 2309 efficientiae
779 2287 908 2311 nomen
933 2278 1151 2321 generaliter
1175 2289 1218 2311 ex
1254 2283 1314 2311 tua
1341 2278 1518 2312 sententia
1543 2288 1657 2324 aeque
1682 2280 1724 2313 de

270 2321 430 2354 omnibus
457 2324 679 2365 praedicatur
705 2324 924 2366 nominibus,
963 2325 1018 2358 vis
1052 2325 1151 2366 dico,
1178 2325 1397 2368 sapientiae,
1424 2326 1544 2368 vitae,
1569 2325 1723 2369 luminis,

268 2369 388 2410 animi,
414 2368 650 2411 clementiae,
679 2371 776 2413 irae,
802 2371 1094 2416 tranquillitatis,
1120 2371 1333 2416 taliumque,
1368 2372 1636 2417 quibuscunque
1661 2384 1724 2408 usa

270 2421 324 2449 est
351 2417 523 2459 scriptura
567 2418 686 2450 divina
712 2419 778 2450 (leo
806 2419 1063 2453 convenienter
1097 2419 1348 2453 affirmantibus
1384 2424 1420 2452 et
1450 2420 1661 2464 negantibus
1688 2426 1723 2454 et

270 2464 446 2506 oppositis
472 2464 685 2506 nominibus,
715 2466 862 2501 accedet
899 2466 966 2499 iam
993 2467 1096 2501 etiam
1122 2466 1176 2499 his
1203 2466 1362 2500 omnibus
1386 2476 1522 2511 aequet
1556 2473 1592 2501 et
1615 2468 1723 2502 simili

269 2510 372 2543 modo
400 2520 539 2554 semper
565 2511 782 2545 insultabunt
806 2513 1005 2546 nominibus
1031 2513 1191 2546 omnibus
1216 2514 1397 2556 ineptiae,
1425 2519 1459 2548 et
1483 2524 1602 2547 secum
1627 2525 1722 2559 png..

268 2556 367 2589 nabit
393 2558 607 2592 efficientiae
631 2569 783 2602 nomen,
812 2571 890 2593 cum
917 2559 1005 2593 haec
1037 2561 1224 2594 secundum
1257 2566 1291 2594 te
1325 2561 1468 2604 proprie
1503 2561 1639 2595 dicatur
1663 2562 1722 2595 in..

271 2609 389 2636 creata
419 2605 596 2646 divinitas,
615 2612 760 2649 propter
786 2608 879 2651 quod
896 2608 985 2640 enim
1006 2607 1169 2651 quodque
1194 2617 1214 2640 a
1230 2617 1370 2652 quoque
1395 2607 1543 2642 aliorum
1570 2610 1722 2642 omnium

269 2650 498 2694 relinquitur,
524 2658 669 2695 propter
694 2654 728 2686 id
755 2654 835 2687 aliis
860 2654 1020 2688 omnibus
1045 2659 1100 2687 est
1123 2654 1236 2688 minus
1252 2654 1294 2688 ab
1319 2656 1435 2699 iisque
1461 2654 1635 2698 alienum,
1665 2661 1722 2689 at-

274 2707 342 2740 que
371 2708 475 2731 unum
502 2700 643 2732 omnino
679 2711 758 2735 esse
797 2702 985 2734 essentiam
1019 2701 1223 2735 conceditur
1259 2707 1294 2735 et
1329 2707 1455 2735 natura
1479 2712 1603 2744 omne,
1630 2703 1722 2747 quod

270 2744 405 2777 ‚dicitur
445 2751 479 2778 et
516 2751 664 2781 vocatur
700 2748 765 2781 ‹lco
791 2749 1047 2787 convenienter
1085 2759 1109 2787 a,
1145 2747 1247 2783 vobis
1280 2754 1314 2784 ct
1345 2755 1405 2788 'cst
1434 2755 1468 2783 et
1497 2750 1723 2799 erat-*eterit
