1826 3120
262 144 354 193 160
556 142 558 148 “
661 146 959 192 Nicernom
1004 112 1308 190 GREGORAE

78 250 308 296 1”·134ἱι1)·ου’
333 254 620 337 προσιεμένων
649 257 797 308 αὐτοῦ,
829 247 988 334 προβὰς
1013 257 1044 281 ‘⁴
1073 256 1233 297 ἐκεῖθεν
1260 251 1510 309 τυραννικὴν
1538 257 1722 295 ποιεῖται

253 320 328 377 τήν
358 323 639 376 α’ναγύρευσιν
660 316 845 364 εαυτοῦ·
921 316 1083 364 κᾶπειτ’
1116 319 1462 375 ἀποτυγχάνοντα
1491 319 1565 363 καί
1590 316 1722 369 ουτως

254 389 324 431 τὸν
352 389 513 441 Ἰξίονος
556 385 711 431 ἄτοπον
753 386 892 442 ἔρωτα
925 390 1091 441 βλέπων
1133 385 1335 442 (ἅπαντες
1372 385 1452 442 γὰρ
1490 387 1722 444 ἀφίσταντο

251 458 325 510 τῆς
357 457 488 497 αιῖωῦ
517 457 783 510 τυραννίδος)
803 459 1110 511 ,προσεκαλεῖτο
1151 456 1297 497 λοιπόν
1329 455 1382 495 ου’
1409 453 1478 496 τὸν
1503 457 1578 510 τῆς
1606 452 1721 509 δίκης

252 522 488 578 προστάτην
519 521 634 574 θεόν,
666 519 772 563 α’λλοὶ
804 520 872 564 τὸν
902 525 971 576 τῆς
1001 522 1149 564 α’δίκου
1180 526 1333 575 μανίας
1361 520 1581 575 βάρβαρον
1609 521 1755 574 σύμ-5

250 604 417 642 μαχον,
456 587 533 637 τοῖς
573 586 781 641 ε’κδὴμους
823 586 981 637 ὲκείνας
1013 589 1291 643 ἀγωνιεῖσθαι
1330 590 1495 641 μέλλων
1527 587 1722 646 λῃστείας

253 656 357 696 κατὰ
375 657 647 708 χρισιιανῶν,
677 651 740 696 ὅτι
768 657 850 697 τῶν
868 658 1031 697 πολλῶν
1057 658 1268 709 βασιλέων
1287 657 1362 707 ἐμὲ
1392 655 1721 710 προσεκαλοῦντο

254 721 465 774 διάδοχον.
525 720 599 763 καί
625 725 778 776 θέρους
808 724 886 775 μὲν
915 724 1243 776 ἐγκαθεζόμενον
1270 720 1379 776 ἔχων
1412 721 1482 763 τὸν
1507 720 1723 774 βάρβαρον

252 790 326 830 καί
350 789 547 839 πολέμιον
569 789 725 830 ἐκεῖνον
743 788 927 843 στρατόν
956 787 1091 846 ἔκειρε
1109 788 1184 844 τὴν
1206 790 1287 831 τῶν
1308 784 1530 844 Θρᾳκικῶν
1560 785 1721 828 πόλεων

251 856 340 908 γῆν,
367 856 577 908 χειμῶνος
619 856 665 897 δὲ
709 857 781 897 καί
809 854 943 906 αὐτάς
994 855 1160 910 ἠρήμου
1206 854 1283 904 τοὶς
1313 855 1478 911 πόλεις,
1518 852 1569 896 τοὶ
1601 853 1719 907 πέριξ
1736 860 1780 896 10

254 917 419 964 ἅπαντα
457 920 702 977 ληΐζόμενός
741 911 783 965 τε
838 926 909 964 καί
965 922 1375 977 ἀνδραποδιζόμενος
1418 918 1523 976 ἄχρι
1561 922 1718 972 πυλῶν,

252 985 327 1042 ὕφ’
360 981 433 1041 ὧν,
464 982 498 1029 ὦ
528 993 580 1043 γῆ
609 992 682 1031 καί
712 987 817 1045 ἥλιε,
849 991 972 1032 ου’δὲν
1003 992 1271 1045 προηδίκητο.
1328 988 1402 1031 καί
1429 986 1582 1043 τὰτῆς
1610 1003 1717 1042 τρα-

251 1056 407 1112 γῳδίας
435 1055 702 1110 βαρύτατον,
744 1053 806 1099 ὅτι
845 1059 926 1099 τῶν
958 1058 1241 1110 αἰχμαλώτων
1282 1057 1470 1105 ἐλεεινῶς
1499 1054 1715 1112 ἀγομένων

253 1123 467 1174 σχίζοντες
510 1121 582 1171 τοὶς
623 1127 827 1177 γαστέρας
868 1122 906 1166 οἱ
937 1124 1152 1178 βάρβαροι
1189 1122 1264 1173 τοὶς
1303 1139 1345 1165 τε
1375 1128 1524 1176 χεῖρας
1546 1119 1718 1173 ἑαυτῶν

253 1190 324 1229 καί
353 1187 450 1238 τοὺς
479 1188 612 1237 πόδας
642 1191 808 1243 εἰσῆγον
839 1193 966 1239 ἀλέας
994 1193 1170 1242 μετρίας
1200 1191 1351 1243 εἵνεκα,
1381 1187 1428 1230 τὸ
1460 1186 1715 1240 τιμιώτατον
1734 1194 1778 1230 15

252 1257 388 1309 κτῆμα
416 1257 519 1297 θεοῦ
550 1255 622 1297 τόν
654 1254 878 1311 ἄνθρωπον
898 1260 1143 1313 φθείροντες
1167 1252 1308 1311 ὥσπερ
1340 1258 1384 1299 ἐν
1411 1255 1585 1303 παιδιᾶς
1611 1252 1721 1308 σχή-

251 1338 368 1374 ματι.
399 1319 490 1364 ὃ’δ
521 1338 616 1365 ουτε
646 1322 874 1376 ἐκάμπτετο
904 1326 1070 1377 βλέπων
1098 1323 1174 1379 τὴν
1204 1340 1287 1365 των
1319 1320 1553 1378 ομοφύλων
1585 1323 1719 1362 ἐλεει-

253 1388 328 1442 νὴν
359 1337 592 1446 τροαγῳδίαν
623 1391 796 1446 ἐκείνην,
827 1387 913 1432 ουτ’
944 1390 1083 1432 εἰκόνα
1113 1392 1216 1445 γοῦν
1246 1388 1357 1438 τινος
1387 1389 1590 1443 βραχείας
1624 1402 1720 1468 φει-

255 1456 355 1503 δοῦς
389 1454 651 1498 ἐνετύπωσεν
699 1448 807 1505 ὅλως
846 1473 899 1515 τω
934 1459 1007 1512 τῆς
1038 1459 1183 1512 ψυχῆς
1216 1453 1451 1508 συνειδότι,
1498 1455 1590 1496 αλλ’
1620 1454 1721 1509 ἧμι-

253 1523 411 1577 θνῆτας
452 1520 510 1564 ἔτι
555 1525 628 1565 καί
667 1520 948 1576 ἀσπαίροντας
989 1523 1168 1580 ἔφιππος
1207 1540 1276 1565 και
1321 1521 1450 1571 αὐτὸς
1490 1520 1618 1564 ἑπιων
1651 1522 1779 1563 και20

254 1594 496 1643 συμπατοόν,
525 1588 597 1644 τῆν
625 1593 706 1633 τῶν
733 1594 865 1632 λίθων
900 1591 1155 1646 α’ναλγησίαν
1181 1590 1366 1633 ἐνταῦθα
1397 1604 1484 1637 πως
1511 1590 1722 1644 ἐφιλονεί-

259 1673 322 1699 κει
356 1661 613 1713 μιμεῖσθαι,
651 1655 695 1699 τό
726 1659 798 1711 τῆς
827 1659 1018 1713 καρδίας,
1062 1656 1118 1707 ὦς
1148 1657 1285 1711 ἔοικε,
1335 1657 1545 1712 θηριῶδες
1583 1655 1722 1697 α’σκῶν

255 1723 328 1766 καί
352 1721 604 1779 γυμνάζων,
644 1724 704 1779 μὴ
749 1724 861 1782 λάθῃ
893 1723 970 1779 τήν
1011 1726 1095 1775 ἕξιν
1125 1721 1202 1779 ὀψὲ
1238 1726 1497 1781 διαφθεῖραν
1526 1725 1599 1777 τῆς
1628 1718 1717 1779 φό-

259 1935 340 1965 tuus
367 1935 473 1965 esset.
524 1940 629 1976 quum
658 1932 749 1966 enim
789 1933 887 1967 cives
915 1934 1076 1978 regimen
1102 1934 1178 1968 eius
1214 1943 1286 1967 non
1312 1933 1419 1967 facile
1444 1938 1650 1977 paterentur
1676 1941 1718 1966 eo

259 1988 472 2023 progressus
513 1984 567 2012 est
598 1984 636 2012 ut
668 1990 748 2013 sese
781 1986 967 2024 tyrannum
1006 1980 1223 2023 declararet,
1265 1981 1328 2015 sed
1362 1981 1489 2015 deinde
1522 1991 1626 2026 quum
1659 1980 1720 2013 ni..

259 2025 311 2059 hil
339 2025 407 2059 sibi
434 2036 604 2070 prospere
634 2027 762 2060 cedere
801 2033 836 2061 et
859 2028 992 2061 Ixionis
1026 2029 1185 2062 insanum
1211 2038 1363 2062 amorem
1401 2038 1440 2062 se
1465 2038 1635 2062 exercere
1660 2027 1720 2061 vi-

260 2073 372 2107 disset
397 2094 443 2101 —
469 2083 590 2107 omnes
619 2075 709 2106 enim
736 2074 779 2107 ab
806 2076 882 2108 eius
907 2076 1091 2118 tyrannide
1124 2075 1362 2110 abhorrebant
1390 2096 1434 2102 —
1459 2075 1550 2109 alius
1577 2084 1719 2118 operam

260 2125 297 2153 et
323 2120 493 2154 auxilium
520 2121 586 2154 sibi
612 2121 776 2163 adscivit,
802 2132 873 2155 non
911 2123 967 2156 dei
994 2123 1133 2167 quidem
1160 2124 1260 2156 cuius
1296 2123 1464 2156 auxilium
1490 2123 1719 2156 iustissimum

260 2172 328 2209 est,
357 2168 417 2201 sed
444 2168 639 2211 impiissimi
666 2168 805 2202 barbari
839 2169 937 2202 illius
972 2176 1010 2203 ut
1035 2172 1302 2215 peregrinorum
1342 2171 1474 2213 rapinis
1500 2169 1720 2204 Christianos

261 2220 422 2256 vexaret,
451 2216 510 2259 qui
538 2217 683 2259 regibus
708 2216 826 2249 multis
853 2217 927 2250 illis
953 2223 1090 2262 ut⁴ego
1117 2219 1343 2252 succederem
1370 2217 1550 2251 volebant.
1599 2216 1720 2260 itaque

261 2266 424 2305 tempore
451 2263 589 2295 aestivo
618 2273 695 2295 cum
722 2263 947 2297 barbarorum
975 2270 1010 2298 et
1035 2265 1188 2298 hostium
1213 2264 1353 2298 illorum
1375 2264 1534 2298 exercitu
1551 2263 1720 2297 Thracum

258 2308 396 2342 urbium
437 2310 605 2353 regiones
638 2310 827 2354 populatus
857 2317 928 2354 est,
963 2311 1078 2345 hieme
1101 2318 1215 2345 autem
1256 2312 1350 2355 ipsas
1375 2311 1481 2345 urbes
1507 2311 1663 2345 vastavit
1686 2313 1722 2342 et

261 2357 491 2389 circumcirca
517 2367 629 2401 usque
656 2359 696 2390 ad
724 2363 842 2401 portas
869 2365 994 2392 cuncta
1020 2360 1164 2402 diripuit
1198 2364 1233 2392 et
1260 2359 1419 2392 homines
1452 2359 1488 2392 in
1513 2358 1719 2392 servitutem

260 2403 406 2436 abduxit
430 2414 636 2448 quamquam
665 2404 785 2438 horum
813 2416 876 2449 per
901 2406 1011 2439 solem
1039 2412 1073 2439 et
1100 2412 1226 2440 terram
1244 2406 1347 2450 culpa
1372 2405 1474 2439 nulla
1502 2406 1630 2439 fuerat.
1659 2402 1723 2438 scd

259 2451 298 2483 in
330 2450 395 2483 hac
421 2461 527 2485 scena
548 2451 607 2484 vel
633 2453 783 2485 maxime
810 2453 1021 2486 horrendum
1049 2459 1135 2495 erat,
1164 2454 1255 2498 quod
1282 2453 1418 2487 barbari
1444 2453 1595 2497 captivis
1619 2455 1722 2495 post-

261 2508 367 2541 quam
395 2498 647 2532 miserabiliter
674 2509 735 2533 eos
759 2511 878 2533 secum
903 2506 1098 2542 traxerunt,
1124 2506 1282 2534 ventrem
1308 2500 1511 2533 incidebant
1537 2504 1572 2532 et
1599 2507 1721 2531 manus

260 2555 344 2578 suos
383 2546 562 2589 pedesque
598 2547 793 2591 infigebant
827 2553 866 2580 ut
900 2548 1149 2581 calefacerent.
1211 2548 1263 2581 sic
1296 2547 1628 2591 praestantissimam
1664 2543 1722 2577 dei

262 2597 463 2625 creaturam
492 2593 667 2626 hominem
694 2594 915 2628 trucidabant
941 2596 1038 2639 quasi
1063 2595 1130 2628 sibi
1156 2594 1257 2628 ludus
1284 2600 1390 2628 esset.
1455 2595 1721 2630 Cantacuzenus

262 2639 403 2671 interim
431 2650 535 2683 quum
563 2650 705 2674 suorum
733 2642 970 2675 miserabilem
1004 2642 1100 2675 illam
1125 2642 1402 2675 internecionem
1439 2642 1578 2675 videret
1606 2639 1721 2673 animo

263 2695 334 2718 non
363 2693 556 2720 commotus
586 2694 639 2721 est
665 2693 700 2721 et
725 2689 878 2743 pudoris
894 2699 939 2722 ne
974 2690 1149 2722 minimum
1183 2690 1321 2734 quidem
1351 2689 1457 2722 animi
1483 2686 1722 2722 conscientiae

262 2732 467 2779 impressit;
491 2735 554 2770 sed
579 2735 622 2770 ad
646 2737 844 2772 semineces
869 2737 1008 2784 iamque
1033 2737 1245 2784 palpitantes
1281 2747 1389 2785 eques
1418 2736 1592 2771 accedens
1618 2733 1722 2768 etium
