1826 3120
262 143 346 191 ’96
689 136 984 190 ΝΙΟΕΡΗΟΒΙ
1007 138 1010 141 ’
1032 134 1336 186 GREGORAE
1366 137 1368 139 ’

283 260 343 307 εἰς
371 254 541 311 μακρὰν
581 254 669 295 ἐκεῖ
702 251 851 306 πικρὸν
891 249 1152 304 ἒπιφύεσθαι
1193 251 1265 292 καί
1303 250 1419 302 μάλα
1450 244 1666 304 πολύχουν
1695 249 1740 291 ἐν
1776 303 1784 308 κ

282 329 365 372 τοῖς
397 324 547 377 πέρασι
575 318 621 361 τό
651 317 866 373 γεώργιον.
923 317 1048 357 τοῦτο
1081 317 1127 357 δὲ
1158 316 1336 364 καιῖταῖς
1367 313 1607 373 πανδήμοις
1628 329 1739 372 σφο-

284 389 478 445 δρότερον
508 383 754 442 ἤκηκόειμεν
784 383 994 439 φάμενον,
1025 382 1074 423 οὔ
1107 384 1344 436 δισταγμοῦ
1369 379 1478 431 τινὸς
1506 381 1632 439 μέρος
1657 389 1742 424 πα-

284 453 546 510 ραμιγνύντα
588 454 646 508 τῷ
677 446 798 504 ἤθει,
843 448 985 498 ὁποῖος
1029 453 1112 499 τοῖς
1156 448 1340 491 δεδιόσιν
1389 450 1532 490 ἕπεται
1559 445 1636 504 τὴν
1663 450 1741 490 τοῦ

281 523 501 576 μέλλοντος
535 520 713 573 α’δηλιάν
742 516 799 564 ὥς
827 514 879 556 τοὶ
912 514 1058 558 πολλά.
1114 515 1187 556 καί
1215 510 1339 557 οἶσθά
1356 530 1403 568 γε
1432 515 1488 564 ὥς
1514 511 1772 570 ἠχθόμεθαὸ

282 589 355 642 τῆς
381 586 619 640 παρρησίας
647 584 826 637 τάνδρί·
902 578 925 621 ὃ
953 583 989 623 δ’
1023 582 1098 622 ου’κ
1128 582 1317 623 ἐνεδίδου
1346 581 1489 635 λέγων.
1546 581 1742 622 σκεπτέον

285 648 360 695 οὖν
386 649 443 705 μή
477 652 581 692 θεοῦ
608 649 854 703 μαχομένου
886 647 954 690 διὰ
987 646 1029 690 τὸ
1070 645 1205 702 δόγμα
1239 649 1430 700 ποναῖμεν
1459 643 1690 701 ἄνὴνυτα.”

198 724 272 757 no
421 720 563 759 Ταῦτα
604 715 857 758 τοίνυνκαὶ
895 713 945 757 τὰ
976 715 1150 757 τοιαῦτα
1191 713 1422 768 διεξιούσης
1463 714 1643 768 ἐκείνης,
1678 705 1743 753 “123

283 783 432 840 γόναι”
462 785 591 840 φησίν
624 781 645 822 ὅ
677 783 890 835 βασιλεύς,
911 780 994 822 “οὕ
1037 779 1169 823 πάντα
1197 779 1396 832 καθάπαξ
1422 778 1565 835 χρεών
1593 779 1743 821 α’νατι-

284 854 409 894 θέναι
443 851 542 906 θεῷ.
616 844 723 890 εἶναι
761 848 839 902 γάρ
871 864 962 889 τινα
1003 850 1075 889 καί
1111 847 1242 902 τύχην
1285 847 1518 902 τύραννον,
1557 844 1662 889 κατὰ
1692 843 1740 888 τὸ
1756 853 1800 889 10

286 915 525 972 αὐτόματον
546 918 761 958 ,ἐπιοῦσαν
791 921 875 963 τοῖς
906 916 988 958 τῶν
1027 915 1262 969 ἀνθρώπων
1293 912 1526 970 πράγμασι,
1557 913 1636 956 κοῖκ
1668 917 1742 957 τοῦ

284 982 516 1039 προσεχοῦς
546 980 682 1036 αυ’τῆν
709 984 871 1036 μᾶλλον
899 981 1172 1037 τάνθρώπεια
1208 983 1448 1023 διοικοῦσαν
1476 977 1503 1036 ἢ
1530 980 1604 1024 τὸν
1632 979 1741 1037 θεόν,

285 1053 495 1106 ἐνέργειαν
523 1053 602 1103 μὲν
633 1052 894 1105 καλουμένην
922 1045 1128 1106 humor,
1161 1048 1428 1098 δεσποτικοὺς
1451 1051 1497 1091 δὲ
1523 1049 1744 1104 χαρακτῆ-

286 1133 363 1170 ρας
403 1116 618 1172 φέρουσαν
653 1131 697 1157 τε
739 1119 813 1157 καί
850 1117 1101 1165 δεσποτικῶς
1139 1121 1223 1163 τοῖς
1270 1114 1513 1171 πράγμασιν
1539 1112 1744 1170 ἐπιστρα-

285 1182 493 1226 τεύουσαν
523 1181 628 1223 κατὰ
662 1180 736 1236 τὴν
757 1184 835 1224 τοῦ
865 1182 1111 1234 αὐτομάτου
1140 1183 1279 1238 φοράν
1310 1197 1354 1223 τε
1386 1182 1460 1223 καί
1485 1179 1658 1237 κίνησιν.
1706 1181 1800 1227 εἶ15

287 1251 325 1291 δ’
358 1243 440 1305 οὖν,
472 1248 593 1302 λόγον
637 1249 715 1302 ἐγώ
748 1264 814 1291 σοι
845 1250 917 1290 καί
946 1248 1061 1301 μάλα
1093 1250 1229 1305 εἰδυίᾳ
1267 1250 1376 1303 ἐρῶ,
1406 1249 1479 1304 τῆς
1507 1247 1610 1304 ἐμῆς
1640 1249 1744 1303 α’λη-

286 1318 406 1365 &stag
448 1315 649 1371 μάρτυρά
683 1331 724 1358 τε
763 1319 836 1358 καί
873 1314 1118 1370 βεβαιωτήν.
1192 1312 1319 1358 οἶσθα
1359 1315 1440 1371 γὰρ
1483 1313 1646 1366 ὁποίαις
1675 1314 1747 1357 καί

287 1380 409 1432 ὅσαις
440 1384 668 1437 ἠπειγόμην
700 1384 977 1435 έξευμενίζειν
1005 1381 1076 1424 τόν
1097 1381 1198 1424 θεόν
1224 1380 1454 1438 χρημάτων
1483 1379 1663 1435 δόσεσιν,
1694 1377 1745 1430 ἃς

286 1448 494 1504 α’φθόνοις
530 1448 748 1503 παλάμαις
792 1448 1010 1503 ἐξὴντλουν
1050 1447 1209 1503 ἱερεῦσι
1249 1451 1322 1490 καί
1358 1448 1645 1505 μονοτρόποις,
1674 1449 1748 1489 καί

287 1510 378 1556 ὅσοι
408 1513 629 1570 σπηλαίοις
679 1517 970 1557 ε’νδιαιτῶνται
1001 1518 1073 1557 καί
1103 1510 1243 1571 ὄρεσι,
1279 1515 1352 1557 καί
1377 1513 1469 1557 ὅσοι
1499 1518 1583 1558 τῶν
1608 1510 1801 1566 ἅλλωςρο

286 1585 404 1640 πενίᾳ
435 1584 508 1624 καί
535 1580 643 1640 νόσῳ
675 1581 896 1633 συζώντων
930 1581 1144 1639 ὗπῇρχον,
1178 1583 1250 1625 καί
1270 1586 1326 1639 πῇ
1353 1585 1431 1637 μὲν
1461 1582 1654 1639 δημοσίᾳ,
1687 1583 1744 1639 πῇ

287 1651 333 1691 δὲ
361 1651 582 1703 βλέποντος
612 1649 808 1699 ἁπάντων
836 1650 1021 1700 οὐδενός.
1094 1649 1260 1705 ὤνησαν
1287 1653 1326 1692 δ’
1359 1651 1459 1707 ἡμῖν
1486 1651 1621 1707 ου’δέν,
1655 1649 1745 1692 ἀλλ’

288 1710 458 1771 αὔραις,
490 1712 547 1765 ὥς
574 1732 620 1771 γε
649 1714 799 1773 ἔοικεν,
828 1714 964 1759 ἐκεῖνα
992 1714 1111 1759 πάντ’
1131 1719 1501 1775 ἐ’κπεπονὴκαμεν,
1528 1715 1598 1760 καί
1623 1732 1744 1773 περι-

290 1906 389 1949 fore,
415 1911 454 1940 ut
482 1905 709 1940 acerbissima
734 1906 824 1941 mala
846 1907 1023 1941 uberrime
1046 1909 1089 1943 ad
1115 1913 1305 1943 extremum
1334 1914 1615 1944 succrescerent.
1651 1909 1742 1944 idem

289 1955 374 1998 ipsis
400 1955 644 1988 vehementius
668 1956 951 1998 pronuntiantem
989 1957 1198 1998 audivimus,
1238 1963 1276 1990 ut
1299 1957 1391 1990 nihil
1417 1956 1644 1991 dubitationis
1670 1957 1742 1991 suis

289 2002 444 2036 moribus
480 2002 710 2044 admisceret,
751 2012 840 2046 quae
874 2002 1082 2047 plerumque
1119 2004 1404 2037 incertitudinem
1431 2004 1537 2037 futuri
1574 2004 1742 2048 temporis

288 2048 525 2082 metuentibus
550 2050 669 2082 inesse
695 2049 799 2082 solet.
849 2060 966 2093 neque
990 2052 1130 2093 nescis,
1157 2056 1286 2094 quanto
1326 2052 1406 2084 odio
1433 2052 1500 2085 viri
1524 2062 1595 2085 non
1620 2061 1640 2084 a
1669 2052 1742 2086 suis

289 2096 407 2129 verbis
444 2096 646 2129 recedentis
672 2096 871 2129 libertatem
909 2099 1088 2140 persecuti
1124 2099 1246 2131 simus.
1307 2098 1598 2132 considerandum
1633 2099 1742 2143 igitur

289 2148 360 2185 est,
386 2154 468 2176 num
495 2143 586 2176 forte
615 2144 681 2176 deo
708 2145 786 2187 ipso
814 2144 858 2177 ob
884 2144 1008 2189 dogma
1035 2150 1254 2189 repugnante
1280 2145 1379 2178 irrita
1406 2145 1608 2180 faciamus.“

419 2202 515 2236 llaec
543 2207 648 2245 atque
679 2203 850 2236 eiusmodi
882 2214 984 2247 quum
1011 2203 1076 2236 illa
1097 2203 1315 2247 protulisset,
1343 2205 1553 2249 imperator:
1580 2204 1740 2249 „mulier‚

288 2249 413 2294 inquit,
438 2259 510 2282 non
536 2250 651 2282 omnia
681 2249 847 2283 debemus
874 2251 916 2284 ad
943 2251 1044 2287 deum
1075 2251 1222 2284 referre.
1272 2262 1350 2284 nam
1376 2253 1479 2285 etiam
1509 2253 1648 2287 fortuna
1673 2252 1738 2286 do-

288 2297 380 2330 mina
406 2297 576 2342 quaedam
604 2301 669 2338 est,
695 2308 784 2340 quae
803 2307 867 2331 suo
896 2298 1041 2332 arbitrio
1061 2297 1239 2331 hominum
1264 2309 1322 2332 res
1347 2300 1584 2343 aggrediatur.
1634 2305 1743 2343 atque

288 2345 511 2377 continentes
549 2346 656 2377 vitam
691 2344 873 2378 humanam
902 2347 1011 2390 magis
1047 2351 1171 2390 regat,
1200 2356 1301 2390 quam
1328 2348 1437 2388 deus3
1472 2350 1634 2390 operatio
1660 2349 1742 2393 qui-
1774 2380 1784 2393 >

287 2392 364 2424 dem
390 2392 589 2425 nominatur
616 2392 785 2434 increata,
812 2393 931 2425 induta
955 2398 1069 2426 autem
1107 2399 1159 2426 est
1189 2395 1327 2435 tyranni
1353 2394 1507 2429 moribus
1534 2396 1741 2441 superbam-

288 2449 356 2482 que
386 2439 422 2471 in
452 2448 571 2472 omnes
604 2449 661 2472 res
686 2440 958 2473 dominationem
999 2446 1142 2474 exercet
1177 2449 1240 2484 pro
1275 2440 1431 2475 libidinis
1466 2442 1599 2488 impetu
1635 2448 1740 2487 atque

287 2490 394 2519 motu.
445 2486 612 2530 agedum!
640 2487 834 2520 orationem
868 2487 932 2520 tibi
959 2487 1091 2530 dicam,
1119 2497 1220 2532 quam
1254 2489 1330 2532 ipsa
1355 2489 1447 2522 haud
1471 2501 1556 2525 sane
1585 2492 1740 2536 ignoraS,

288 2543 378 2577 quae
403 2543 458 2565 me
493 2544 579 2567 vere
606 2532 761 2566 locutum
801 2545 879 2568 esse
907 2535 1113 2568 testificetur
1149 2534 1254 2578 atquc
1295 2537 1487 2571 confirmet.
1538 2539 1608 2573 scis
1635 2539 1739 2579 enim,

288 2580 428 2623 quantis
455 2585 489 2613 et
520 2580 683 2624 qualibus
713 2590 779 2625 ego
811 2581 1001 2615 studuerim
1026 2583 1126 2616 donis
1152 2583 1209 2616 dei
1237 2583 1394 2617 savorem
1420 2585 1505 2618 mihi
1534 2586 1739 2627 conciliare,

288 2637 378 2671 quae
404 2625 520 2670 plenis
546 2627 706 2661 manibus
741 2628 1007 2671 sacerdotibus,
1032 2629 1230 2663 hominibus
1269 2630 1451 2674 solitariis,
1482 2634 1682 2678 quicunque
1705 2633 1740 2665 in

287 2674 471 2717 speluncis
496 2674 654 2708 habitant
684 2681 719 2709 et
746 2675 922 2710 montibus
946 2682 1006 2709 aut
1033 2682 1241 2720 paupertate
1279 2683 1314 2711 et
1338 2678 1468 2712 morbis
1495 2681 1656 2724 oppressi
1681 2680 1739 2714 vi-

287 2725 357 2757 tam
384 2721 527 2767 degunt,
556 2727 590 2756 et
615 2723 730 2767 palam
758 2728 792 2757 et
815 2722 954 2757 occulto
982 2723 1172 2771 largiebar.
1222 2736 1344 2761 verum
1369 2725 1459 2761 nihil
1483 2727 1646 2763 utilitatis
1669 2739 1740 2763 no-
