1768 3132
64 134 95 187 7
135 207 152 255 ·.
201 133 883 248 amonuit-amanum
903 159 1391 220 xxxvnrssli-G'T,
1472 164 1572 217 ,565
1633 182 1636 184 ·

98 289 200 348 fictir,
228 289 308 334 καὶ
331 287 486 346 δώροις
514 287 563 330 οὐ
590 290 762 344 μικροῖς
801 282 1252 343 φιλοφρονησάμενος,
1281 280 1444 339 εἴληφε.
1500 279 1575 324 καὶ

95 356 229 403 ,αὕτόν
254 355 542 414 μὲνδέσμιον
568 353 677 411 πρὸς
709 352 888 397 Τένεδον
926 351 1086 406 πέμπει
1124 350 1355 406 τὴννῆσον
1381 347 1489 404 ὅμοῦ
1516 349 1573 405 τῇ

98 424 278 483 συξύγῳ,
306 423 370 468 τὰ.
391 423 438 467 δὲ
462 423 586 466 τέκνα
609 421 836 479 φυλάττειν
865 420 1049 475 παρέχει
1077 419 1138 475 τῷ·
1164 418 1229 460 ἐπ’
1258 417 1428 474 ἀδελφῇ
1457 433 1570 473 γαμ-

59 515 72 534 n
95 493 193 551 βρῷ
209 490 397 548 Λατίνῳ,
425 491 487 547 τῷ
515 489 744 546 τηνικαῦτα
769 487 944 542 Λέσβου
972 487 1047 542 τῆς
1075 485 1207 542 νήσου
1237 483 1567 540 ἐπιτροπεύοντι.

56 565 77 600 3³
100 561 218 620 ἔφθη
244 558 327 617 γὰρ
366 557 536 616 πολέμῳ
567 560 841 613 προειληφώς
880 556 903 598 ὁ
931 553 1134 610 βασιλεὺς
1174 554 1247 597 καί
1275 551 1349 609 τήν
1376 553 1416 595 Γ
1419 569 1568 610 ρατια-

53 655 76 676 η
98 628 174 672 νοῦ
201 626 337 679 πόλιν,
367 627 413 669 ὲν
442 620 471 684 ᾗ
495 625 570 668 καί
591 623 876 681 ἧΜατθαίου
906 622 1014 679 μετὰ
1042 624 1126 665 τῶν
1143 621 1300 665 τέκνων
1330 618 1431 680 ᾤ’κει
1453 620 1572 677 γυνή.
1587 628 1665 661 θθ

54 687 58 691 ’
98 694 226 740 «indta
251 698 353 752 παρ’
385 693 495 752 αὐτῇ
522 693 595 737 καί
625 691 858 749 γράμματα
903 689 1078 746 εὕρηται
1105 690 1359 743 Βυζαντίων
1391 691 1572 741 πολλῶν,

47 772 56 799 ‘5
99 763 243 822 λάθρᾳ
257 761 480 817 Ματθαιζυ
512 760 764 815 πεμπόμενα
794 758 895 813 πρὶν
915 756 1088 809 ἁλῶναι,
1121 756 1336 800 δεικνύντα
1356 754 1430 812 τὴν
1449 758 1604 818 σφῶνκ

56 832 64 836 ”
99 828 209 888 πρὸς
242 827 368 872 αὐτὸν
397 825 564 871 εὔνοιαν
593 828 667 870 καί
696 826 889 882 στοργήν,
917 826 991 869 καί
1020 823 1103 868 ὅσα
1124 826 1333 878 ἐπίβουλα
1362 823 1470 867 κατὰ
1497 823 1573 867 τοῦ

62 915 77 938 ’;
98 895 405 953 Παλαιολόγου
438 894 810 947 συνεσκευάζοντο.
870 895 924 936 δι’
960 891 987 935 ἃ
1027 891 1078 949 δή
1106 892 1180 935 καί
1206 891 1280 949 τὴν
1311 890 1391 934 ἀνὰ
1418 896 1572 948 χεῖρας

53 966 65 1007 s
99 963 230 1023 ἄλλην.
258 964 451 1020 σπουδὴν
481 961 504 1006 ὅ
533 961 735 1018 βασιλεὺς
752 959 1053 1017 ὖπερθέμενος,
1074 961 1148 1017 τήν
1171 976 1215 1003 τε
1232 958 1386 1016 στολὴν
1413 957 1572 1017 ἤμειψε

57 1051 58 1054 ’
98 1031 207 1091 πρὸς
234 1031 280 1076 τὸ
306 1030 640 1087 ἰδιωτικώτερον,
673 1030 748 1072 καί
778 1032 925 1071 λαθών
947 1030 1107 1079 πάντας
1126 1030 1309 1080 οἰκείους
1336 1024 1410 1085 ἧκε
1441 1026 1571 1070 σπεύ-
1587 1030 1749 1067 r.252.h

18 1111 20 1114 ’
99 1117 180 1151 σας
219 1101 281 1152 εἰς
318 1098 559 1153 Βυζάντιον
598 1096 706 1152 μετὰ
750 1100 856 1153 μιᾶς
881 1097 1095 1153 τριήρους.
1153 1098 1227 1141 καί
1260 1098 1334 1140 οὐκ
1365 1097 1574 1155 ἔγνωσται

48 1160 51 1162 .
97 1167 351 1223 Βυζαντίων
395 1165 538 1208 οὖδενί
577 1165 680 1221 πρίν
719 1165 930 1208 εἰσελθεῖν
971 1166 1030 1216 εἰς
1069 1165 1124 1208 τὰ
1163 1166 1364 1220 βασίλεια
1398 1166 1473 1209 καί
1500 1164 1574 1221 τήν

51 1284 54 1285 7
97 1235 305 1294 βασιλίδα
337 1233 624 1278 ἀσπάσασθαι
653 1231 730 1275 σύν
759 1233 963 1290 ἰδιωτικῷ
983 1235 1045 1290 τῷ
1070 1233 1271 1289 σχήματι.
1326 1235 1460 1276 ταῦτα
1487 1242 1659 1288 pta-62

99 1302 191 1348 θῶν
213 1301 412 1360 Ὑρκανὸς
444 1299 468 1343 ὅ
496 1303 571 1357 τῆς
597 1300 811 1351 Βιθυνίας
844 1299 1065 1357 σατράπης
1092 1301 1341 1357 βαρβάρων,
1374 1300 1576 1357 πρεσβεί-

101 1389 170 1424 αις
208 1369 336 1414 αὖτόν
378 1370 656 1426 πυκνοτέραις
701 1368 968 1422 ἐπιταχύνειν
1003 1369 1214 1425 ἠνάγκαζε
1251 1367 1326 1425 τήν
1371 1369 1579 1413 ἐπάνοδον

75 1439 352 1496 ,ἐλευθερίας
378 1439 500 1481 ἕνεκα
521 1438 597 1479 τοῦ
638 1435 797 1488 υἱὲως,’
831 1438 869 1479 εἰ
901 1437 960 1492 μὴ
1000 1436 1194 1492 βούλοιτο
1226 1436 1476 1479 σκανδάλων
1504 1438 1579 1480 καί

39 1508 43 1510 ’
73 1506 300 1564 Δθορύβων
337 1501 466 1555 αὖθις
508 1503 646 1560 ἀρχήν
684 1502 901 1560 γεγονέναι
942 1502 1048 1546 κατὰ
1089 1501 1314 1559 Ῥωμαίων
1341 1501 1416 1559 τήν
1447 1503 1578 1547 αὐτοῦ

0 1563 2 1583 ³
41 1598 62 1603 Δ·
98 1574 360 1630 βραδυτῆτα.
429 1571 617 1622 σπεύσας
662 1567 735 1613 οὖν
776 1570 800 1614 o‘
830 1570 1053 1626 βασιλεύς,
1094 1571 1168 1614 καί
1197 1569 1254 1622 ὥς
1286 1572 1382 1627 ἐνῆν
1407 1570 1503 1623 τοὺς
1532 1573 1576 1614 ἐν

45 1660 54 1669 ‚
99 1640 326 1697 Βυζαντίῳ
359 1639 576 1696 θορύβους
603 1638 976 1694 καταστησάμενος
1017 1639 1060 1688 ἐς
1093 1640 1139 1680 τὸ
1170 1637 1303 1694 πάντῃ
1338 1638 1576 1681 ἀνύποπτον

34 1705 41 1714 ⁴
101 1706 220 1768 §utroq
243 1705 416 1765 ἧμερῶν
432 1706 765 1763 τεσσαράκοντα,
796 1705 906 1761 μετὰ
933 1708 1039 1761 μιᾶς
1064 1722 1140 1762 την
1167 1706 1373 1763 ταχίστην
1406 1707 1574 1763 ἀνήχθη

37 1938 39 1940 -
99 1915 278 1952 Tenedum
301 1914 455 1950 insulam
488 1925 558 1949 una
593 1925 672 1949 cum
699 1915 874 1959 coniuge,
912 1912 1048 1947 liberos
1073 1916 1190 1945 autem
1220 1911 1297 1946 eius
1324 1911 1576 1946 custodiendos

38 1985 42 1988 ·
101 1964 198 2001 dedit
233 1973 370 2008 genero
404 1962 450 1997 ab
474 1973 600 1997 sorore
627 1963 752 1997 Latino
787 1972 830 1995 eo
865 1966 1027 2005 tempore
1057 1959 1171 1994 Lesbo
1206 1960 1345 1994 insulae
1373 1960 1575 2004 imperanti.

34 2023 37 2028 ’
102 2015 373 2057 expugnaverat
398 2011 491 2045 enim
506 2021 570 2045 rex
592 2016 698 2044 autea
716 2009 815 2043 bello
833 2008 988 2044 Gratiani
1015 2007 1138 2041 urbem
1155 2008 1191 2041 in
1215 2018 1283 2053 qua
1299 2007 1467 2042 Matthaei
1486 2017 1576 2043 uxor

102 2071 180 2096 cum
206 2059 331 2094 liberis
365 2058 559 2093 habitabat.
621 2058 671 2092 ibi
705 2062 822 2091 autem
861 2067 967 2101 quum
1005 2055 1144 2089 litteras
1179 2055 1301 2098 plures
1337 2066 1357 2089 a
1393 2055 1576 2099 Byzantiis

101 2107 280 2146 flattbaeo
305 2106 397 2141 clam
423 2107 549 2140 missas
588 2111 777 2150 antequam
814 2110 938 2148 captus
966 2109 1042 2138 erat
1072 2104 1285 2146 invenisset,
1314 2114 1404 2149 quae
1432 2103 1576 2146 illorum

102 2165 189 2200 erga
216 2165 294 2189 eum
320 2154 612 2189 benevolentiam
642 2159 677 2187 et
705 2153 864 2187 favorem
902 2152 1142 2193 testabantur,
1165 2162 1233 2185 una
1260 2152 1403 2186 illorum
1428 2152 1575 2186 insidias

47 2243 50 2244 7
99 2204 138 2239 in
164 2201 440 2248 Palaeologum,
475 2213 540 2236 rex
564 2202 669 2235 aliam
703 2201 771 2234 sibi
817 2210 960 2244 operam
994 2199 1059 2232 sub
1095 2199 1254 2233 manibus
1286 2211 1365 2234 esse
1391 2199 1575 2243 simulans,

36 2252 38 2255 ’
100 2253 171 2286 iter
196 2251 307 2285 vertit
329 2251 372 2284 ad
397 2260 499 2284 suum
517 2250 630 2294 ipsius
648 2249 867 2283 commodum
895 2247 1076 2289 tuendum,
1104 2252 1139 2280 et
1166 2247 1314 2281 silentio
1341 2247 1429 2281 clam
1458 2249 1578 2281 omni..

29 2333 34 2338 ἱ
99 2298 167 2334 bus
197 2297 433 2333 familiaribus
459 2297 672 2341 Byzantium
701 2307 740 2330 se
769 2295 921 2330 contulit
947 2305 1017 2328 uua
1046 2306 1124 2328 cum
1151 2296 1296 2329 trireme
1327 2301 1362 2330 et
1387 2295 1436 2328 ibi
1462 2306 1482 2329 a
1506 2306 1577 2330 ne-

35 2355 41 2363 ⁴·
99 2347 196 2382 mino
221 2345 474 2390 Byzantiorum
501 2346 599 2390 prius
625 2345 790 2389 cognitus
815 2349 870 2377 est
893 2353 997 2388 quam
1024 2344 1159 2388 regiam
1186 2343 1324 2377 domum
1349 2344 1517 2378 intrasset
1542 2350 1578 2379 et

32 2399 50 2415 Ψ
99 2394 262 2440 reginam
291 2395 370 2438 ipse
395 2392 599 2428 salutasset.
650 2392 744 2437 quod
771 2402 877 2437 quum
904 2391 1088 2435 Hyreanus
1118 2390 1309 2434 Bithyniae
1338 2396 1479 2435 satrapa
1511 2402 1577 2426 ac-

101 2442 274 2487 cepisset,
299 2440 412 2475 multo
438 2441 601 2476 crebrius
628 2450 707 2473 eum
728 2438 970 2485 legationibus
996 2439 1161 2473 incitavit
1186 2444 1224 2472 ut
1248 2439 1399 2473 reditum
1427 2439 1578 2473 accele-

100 2493 198 2525 raret
225 2494 374 2534 propter
409 2488 476 2523 filii
517 2488 791 2530 liberationem,
831 2487 901 2520 nisi
931 2496 1104 2521 novarum
1138 2486 1317 2521 turbarum
1345 2492 1381 2521 et
1405 2486 1576 2522 tumultus

101 2547 244 2573 causam
271 2538 365 2571 inter
378 2535 556 2571 Romanos
581 2535 659 2570 fieri
684 2535 797 2579 ipsius
822 2534 1022 2569 tarditatem
1050 2533 1178 2568 vellet.
1227 2545 1293 2569 rex
1320 2535 1431 2579 igitur
1459 2545 1577 2580 quau-

99 2591 174 2620 tum
201 2584 281 2619 fleri
305 2584 422 2629 potuit
450 2583 603 2618 molibus
619 2583 784 2626 Byzantii
811 2583 993 2627 oppressis
1016 2587 1160 2627 praeter
1187 2583 1342 2617 omnium
1369 2583 1576 2627 opinionem

101 2633 195 2668 iutra
219 2632 454 2677 quadraginta
479 2633 556 2666 dies
581 2641 652 2665 una
677 2641 755 2664 cum
782 2632 928 2664 trireme
955 2640 1058 2676 quam
1084 2630 1274 2664 celerrime
1300 2631 1452 2665 reditum
1474 2631 1575 2666 iniit:

101 2680 169 2715 sed
194 2685 382 2725 antequam
412 2690 582 2714 reversus
622 2683 718 2712 esset
746 2679 937 2713 Romanam
975 2678 1124 2712 classem
1151 2679 1339 2724 conspexit
1366 2679 1578 2722 Byzantium

103 2728 350 2776 navigantem,
377 2726 484 2775 idque
501 2726 603 2763 nullo
628 2727 740 2774 ipsius
764 2727 879 2770 iussu,
904 2726 955 2762 ita
978 2731 1019 2763 ut
1040 2731 1175 2762 tantum
1192 2737 1266 2763 nou
1295 2727 1485 2763 stationem
1510 2727 1579 2763 de-
