<?xml version="1.0" encoding="UTF-8"?>
<!DOCTYPE html PUBLIC "-//W3C//DTD XHTML 1.0 Transitional//EN"
    "http://www.w3.org/TR/xhtml1/DTD/xhtml1-transitional.dtd">
<html xmlns="http://www.w3.org/1999/xhtml" xml:lang="en" lang="en">
 <head>
  <title>
</title>
<meta http-equiv="Content-Type" content="text/html;charset=utf-8" />
  <meta name='ocr-system' content='tesseract 3.04.00' />
  <meta name='ocr-capabilities' content='ocr_page ocr_carea ocr_par ocr_line ocrx_word'/>
</head>
<body>
  <div class='ocr_page' id='page_1' title='image "./corpusscriptorum40niebuoft_0466.png"; bbox 0 0 1786 3138; ppageno 0'>
   <div class='ocr_carea' id='block_1_1' title="bbox 110 840 264 877">
    <p class='ocr_par' dir='ltr' id='par_1_1' title="bbox 110 840 264 877">
     <span class='ocr_line' id='line_1_1' title="bbox 110 840 264 877; baseline 0.006 -1"><span class='ocrx_word' id='word_1_1' title='bbox 110 840 135 876; x_wconf 86' lang='lat' dir='ltr'><strong>f.</strong></span> <span class='ocrx_word' id='word_1_2' title='bbox 147 841 218 877; x_wconf 83' lang='lat'><strong>239</strong></span> <span class='ocrx_word' id='word_1_3' title='bbox 229 842 264 877; x_wconf 85' lang='lat' dir='ltr'><strong>b.</strong></span> 
     </span>
    </p>
   </div>
   <div class='ocr_carea' id='block_1_2' title="bbox 280 134 1326 188">
    <p class='ocr_par' dir='ltr' id='par_1_2' title="bbox 280 134 1326 188">
     <span class='ocr_line' id='line_1_2' title="bbox 280 134 1326 188; baseline -0.001 -3"><span class='ocrx_word' id='word_1_4' title='bbox 280 134 381 186; x_wconf 77' lang='lat'><strong>454</strong></span> <span class='ocrx_word' id='word_1_5' title='bbox 679 138 979 185; x_wconf 66' lang='lat' dir='ltr'><strong>memnoni</strong></span> <span class='ocrx_word' id='word_1_6' title='bbox 1021 137 1326 188; x_wconf 64' lang='lat' dir='ltr'><strong>onmem</strong></span> 
     </span>
    </p>
   </div>
   <div class='ocr_carea' id='block_1_3' title="bbox 270 243 1739 1704">
    <p class='ocr_par' dir='ltr' id='par_1_3' title="bbox 275 243 1739 1300">
     <span class='ocr_line' id='line_1_3' title="bbox 277 243 1735 307; baseline 0.001 -14"><span class='ocrx_word' id='word_1_7' title='bbox 277 249 421 293; x_wconf 54' lang='lat' dir='ltr'><strong>“gnei‘&#39;</strong></span> <span class='ocrx_word' id='word_1_8' title='bbox 447 250 527 307; x_wconf 76' lang='grc' dir='ltr'><strong><em>γάρ</em></strong></span> <span class='ocrx_word' id='word_1_9' title='bbox 560 265 667 307; x_wconf 92' lang='grc' dir='ltr'><strong><em>φησι</em></strong></span> <span class='ocrx_word' id='word_1_10' title='bbox 691 247 892 298; x_wconf 75' lang='grc' dir='ltr'><strong><em>“διπλοῦς</em></strong></span> <span class='ocrx_word' id='word_1_11' title='bbox 927 245 950 288; x_wconf 80' lang='grc' dir='ltr'>ὅ</span> <span class='ocrx_word' id='word_1_12' title='bbox 980 243 1207 302; x_wconf 72' lang='grc' dir='ltr'><strong><em>ἄνθρωπός</em></strong></span> <span class='ocrx_word' id='word_1_13' title='bbox 1235 249 1324 291; x_wconf 78' lang='grc' dir='ltr'><strong><em>ἐστι</em></strong></span> <span class='ocrx_word' id='word_1_14' title='bbox 1362 248 1436 292; x_wconf 79' lang='grc' dir='ltr'><strong>καὶ</strong></span> <span class='ocrx_word' id='word_1_15' title='bbox 1460 247 1662 301; x_wconf 59' lang='grc' dir='ltr'><strong><em>σύνθετος</em></strong></span> <span class='ocrx_word' id='word_1_16' title='bbox 1689 251 1735 299; x_wconf 76' lang='grc' dir='ltr'><strong>ἐκ</strong></span> 
     </span>
     <span class='ocr_line' id='line_1_4' title="bbox 279 313 1734 378; baseline 0.001 -19"><span class='ocrx_word' id='word_1_17' title='bbox 279 319 427 373; x_wconf 81' lang='grc' dir='ltr'><strong><em>ψυχῆς</em></strong></span> <span class='ocrx_word' id='word_1_18' title='bbox 455 317 528 359; x_wconf 82' lang='grc' dir='ltr'><em>καί</em></span> <span class='ocrx_word' id='word_1_19' title='bbox 557 315 762 373; x_wconf 74' lang='grc' dir='ltr'><strong><em>σώματος,</em></strong></span> <span class='ocrx_word' id='word_1_20' title='bbox 814 315 987 364; x_wconf 74' lang='grc' dir='ltr'><strong><em>διπλοῦς</em></strong></span> <span class='ocrx_word' id='word_1_21' title='bbox 1016 313 1157 371; x_wconf 77' lang='grc' dir='ltr'><strong><em>γέγονε</em></strong></span> <span class='ocrx_word' id='word_1_22' title='bbox 1186 315 1260 359; x_wconf 80' lang='grc' dir='ltr'><em>καί</em></span> <span class='ocrx_word' id='word_1_23' title='bbox 1295 313 1320 357; x_wconf 79' lang='grc' dir='ltr'>ὅ</span> <span class='ocrx_word' id='word_1_24' title='bbox 1351 314 1538 373; x_wconf 79' lang='grc' dir='ltr'><strong><em>Χριστὸς</em></strong></span> <span class='ocrx_word' id='word_1_25' title='bbox 1562 317 1608 378; x_wconf 61' lang='grc' dir='ltr'><strong>ἐκ</strong></span> <span class='ocrx_word' id='word_1_26' title='bbox 1636 317 1734 360; x_wconf 75' lang='grc' dir='ltr'><strong><em>θεό-</em></strong></span> 
     </span>
     <span class='ocr_line' id='line_1_5' title="bbox 279 376 1737 441; baseline 0.002 -17"><span class='ocrx_word' id='word_1_27' title='bbox 279 400 399 441; x_wconf 81' lang='grc' dir='ltr'><strong><em>τητος</em></strong></span> <span class='ocrx_word' id='word_1_28' title='bbox 429 380 478 439; x_wconf 78' lang='grc' dir='ltr'><strong><em>ἧς</em></strong></span> <span class='ocrx_word' id='word_1_29' title='bbox 507 379 595 436; x_wconf 83' lang='grc' dir='ltr'><strong><em>εἶχε</em></strong></span> <span class='ocrx_word' id='word_1_30' title='bbox 626 383 699 424; x_wconf 83' lang='grc' dir='ltr'><em>καί</em></span> <span class='ocrx_word' id='word_1_31' title='bbox 739 376 789 438; x_wconf 79' lang='grc' dir='ltr'><strong><em>ἧς</em></strong></span> <span class='ocrx_word' id='word_1_32' title='bbox 818 380 993 438; x_wconf 70' lang='grc' dir='ltr'><strong><em>ὕστερον</em></strong></span> <span class='ocrx_word' id='word_1_33' title='bbox 1023 381 1302 439; x_wconf 81' lang='grc' dir='ltr'><strong><em>προσειλήφει</em></strong></span> <span class='ocrx_word' id='word_1_34' title='bbox 1340 384 1514 440; x_wconf 79' lang='grc' dir='ltr'><strong><em>σαρκός,</em></strong></span> <span class='ocrx_word' id='word_1_35' title='bbox 1538 382 1599 441; x_wconf 68' lang='grc' dir='ltr'><strong><em>ὥς</em></strong></span> <span class='ocrx_word' id='word_1_36' title='bbox 1627 381 1737 428; x_wconf 84' lang='grc' dir='ltr'><strong><em>εἶναι</em></strong></span> 
     </span>
     <span class='ocr_line' id='line_1_6' title="bbox 279 446 1735 507; baseline -0.001 -12"><span class='ocrx_word' id='word_1_37' title='bbox 279 451 353 507; x_wconf 84' lang='grc' dir='ltr'><strong>τὴν</strong></span> <span class='ocrx_word' id='word_1_38' title='bbox 383 449 511 505; x_wconf 82' lang='grc' dir='ltr'><strong><em>αὗτήν</em></strong></span> <span class='ocrx_word' id='word_1_39' title='bbox 537 449 609 491; x_wconf 85' lang='grc' dir='ltr'>καί</span> <span class='ocrx_word' id='word_1_40' title='bbox 638 450 742 503; x_wconf 85' lang='grc' dir='ltr'><strong><em>μίαν</em></strong></span> <span class='ocrx_word' id='word_1_41' title='bbox 773 446 1006 491; x_wconf 67' lang='grc' dir='ltr'><strong><em>ὑπόστασιν</em></strong></span> <span class='ocrx_word' id='word_1_42' title='bbox 1035 450 1111 491; x_wconf 78' lang='grc' dir='ltr'><strong>τοῦ</strong></span> <span class='ocrx_word' id='word_1_43' title='bbox 1138 451 1287 505; x_wconf 80' lang='grc' dir='ltr'><strong><em>κυρίου</em></strong></span> <span class='ocrx_word' id='word_1_44' title='bbox 1321 449 1487 506; x_wconf 81' lang='grc' dir='ltr'><strong><em>κτιστὴν</em></strong></span> <span class='ocrx_word' id='word_1_45' title='bbox 1517 451 1592 494; x_wconf 80' lang='grc' dir='ltr'><strong>καὶ</strong></span> <span class='ocrx_word' id='word_1_46' title='bbox 1622 448 1735 495; x_wconf 70' lang='grc' dir='ltr'><strong><em>ἔκτι-</em></strong></span> 
     </span>
     <span class='ocr_line' id='line_1_7' title="bbox 283 511 1736 573; baseline 0.001 -14"><span class='ocrx_word' id='word_1_47' title='bbox 283 533 392 567; x_wconf 84' lang='grc' dir='ltr'><strong><em>στον,</em></strong></span> <span class='ocrx_word' id='word_1_48' title='bbox 424 513 580 572; x_wconf 81' lang='grc' dir='ltr'><strong><em>ὄρατὴν</em></strong></span> <span class='ocrx_word' id='word_1_49' title='bbox 610 514 693 556; x_wconf 77' lang='grc' dir='ltr'><strong>’καὶ</strong></span> <span class='ocrx_word' id='word_1_50' title='bbox 735 513 929 570; x_wconf 66' lang='grc' dir='ltr'><strong><em>ἀόρατον.</em></strong></span> <span class='ocrx_word' id='word_1_51' title='bbox 997 517 1147 570; x_wconf 79' lang='grc' dir='ltr'><strong><em>διπλῆν</em></strong></span> <span class='ocrx_word' id='word_1_52' title='bbox 1178 511 1251 557; x_wconf 76' lang='grc' dir='ltr'><strong>οὖν</strong></span> <span class='ocrx_word' id='word_1_53' title='bbox 1280 515 1434 559; x_wconf 73' lang='grc' dir='ltr'><strong><em>δίδωσι</em></strong></span> <span class='ocrx_word' id='word_1_54' title='bbox 1461 516 1536 565; x_wconf 80' lang='grc' dir='ltr'><strong><em>καί</em></strong></span> <span class='ocrx_word' id='word_1_55' title='bbox 1559 516 1634 573; x_wconf 86' lang='grc' dir='ltr'><strong>τὴν</strong></span> <span class='ocrx_word' id='word_1_56' title='bbox 1661 516 1736 568; x_wconf 42' lang='grc' dir='ltr'><strong>κά,-</strong></span> 
     </span>
     <span class='ocr_line' id='line_1_8' title="bbox 283 579 1739 639; baseline 0.002 -14"><span class='ocrx_word' id='word_1_57' title='bbox 283 587 442 639; x_wconf 77' lang='grc' dir='ltr'><strong><em>θαρσιν</em></strong></span> <span class='ocrx_word' id='word_1_58' title='bbox 471 583 533 638; x_wconf 74' lang='grc' dir='ltr'><strong>τῷ</strong></span> <span class='ocrx_word' id='word_1_59' title='bbox 563 582 700 638; x_wconf 72' lang='grc' dir='ltr'><strong><em>διπλῷ</em></strong></span> <span class='ocrx_word' id='word_1_60' title='bbox 747 580 956 637; x_wconf 72' lang='grc' dir='ltr'><strong><em>ἀνθρώπῳ</em></strong></span> <span class='ocrx_word' id='word_1_61' title='bbox 989 583 1042 624; x_wconf 76' lang='grc' dir='ltr'><strong><em>δι’</em></strong></span> <span class='ocrx_word' id='word_1_62' title='bbox 1084 579 1236 631; x_wconf 72' lang='grc' dir='ltr'><strong><em>ὕδατος</em></strong></span> <span class='ocrx_word' id='word_1_63' title='bbox 1266 581 1339 624; x_wconf 82' lang='grc' dir='ltr'>καί</span> <span class='ocrx_word' id='word_1_64' title='bbox 1365 583 1611 638; x_wconf 78' lang='grc' dir='ltr'><strong><em>πνεύματος.</em></strong></span> <span class='ocrx_word' id='word_1_65' title='bbox 1666 586 1739 628; x_wconf 81' lang='grc' dir='ltr'><strong>καὶ</strong></span> 
     </span>
     <span class='ocr_line' id='line_1_9' title="bbox 284 645 1736 704; baseline 0.003 -15"><span class='ocrx_word' id='word_1_66' title='bbox 284 649 515 704; x_wconf 74' lang='grc' dir='ltr'><em>σωματικῷ</em></span> <span class='ocrx_word' id='word_1_67' title='bbox 559 645 663 689; x_wconf 79' lang='grc' dir='ltr'><strong><em>εἴδει</em></strong></span> <span class='ocrx_word' id='word_1_68' title='bbox 692 645 797 689; x_wconf 78' lang='grc' dir='ltr'><strong>ὦσεί</strong></span> <span class='ocrx_word' id='word_1_69' title='bbox 835 645 1065 703; x_wconf 82' lang='grc' dir='ltr'><strong><em>περιστερὰ</em></strong></span> <span class='ocrx_word' id='word_1_70' title='bbox 1102 648 1379 704; x_wconf 83' lang='grc' dir='ltr'><strong><em>κατεφοίτησε</em></strong></span> <span class='ocrx_word' id='word_1_71' title='bbox 1420 646 1470 691; x_wconf 74' lang='grc' dir='ltr'><strong>τὸ</strong></span> <span class='ocrx_word' id='word_1_72' title='bbox 1500 650 1666 704; x_wconf 75' lang='grc' dir='ltr'><strong><em>πνεῦμα</em></strong></span> <span class='ocrx_word' id='word_1_73' title='bbox 1689 649 1736 693; x_wconf 82' lang='grc' dir='ltr'><strong>τὸ</strong></span> 
     </span>
     <span class='ocr_line' id='line_1_10' title="bbox 284 711 1738 771; baseline 0.002 -15"><span class='ocrx_word' id='word_1_74' title='bbox 284 713 402 770; x_wconf 78' lang='grc' dir='ltr'><strong><em>ἅγιον</em></strong></span> <span class='ocrx_word' id='word_1_75' title='bbox 430 713 505 756; x_wconf 74' lang='grc' dir='ltr'><strong><em>ἐπὶ</em></strong></span> <span class='ocrx_word' id='word_1_76' title='bbox 525 711 598 755; x_wconf 81' lang='grc' dir='ltr'><strong>τὸν</strong></span> <span class='ocrx_word' id='word_1_77' title='bbox 623 713 789 769; x_wconf 88' lang='grc' dir='ltr'><strong><em>κύριον·</em></strong></span> <span class='ocrx_word' id='word_1_78' title='bbox 863 712 915 755; x_wconf 83' lang='grc' dir='ltr'><strong>τὰ</strong></span> <span class='ocrx_word' id='word_1_79' title='bbox 945 712 1027 769; x_wconf 79' lang='grc' dir='ltr'><strong><em>γὰρ</em></strong></span> <span class='ocrx_word' id='word_1_80' title='bbox 1061 711 1213 769; x_wconf 26' lang='grc' dir='ltr'><strong><em>ὁρατὰ,</em></strong></span> <span class='ocrx_word' id='word_1_81' title='bbox 1232 713 1424 768; x_wconf 80' lang='grc' dir='ltr'><em>σύμβολα</em></span> <span class='ocrx_word' id='word_1_82' title='bbox 1450 715 1534 758; x_wconf 73' lang='grc' dir='ltr'><strong>τῶν</strong></span> <span class='ocrx_word' id='word_1_83' title='bbox 1559 717 1738 771; x_wconf 83' lang='grc' dir='ltr'><strong><em>νοουμέ-</em></strong></span> 
     </span>
     <span class='ocr_line' id='line_1_11' title="bbox 279 778 1736 839; baseline 0.002 -17"><span class='ocrx_word' id='word_1_84' title='bbox 279 795 364 822; x_wconf 93' lang='grc' dir='ltr'><strong>νων</strong></span> <span class='ocrx_word' id='word_1_85' title='bbox 393 781 489 822; x_wconf 83' lang='grc' dir='ltr'><strong><em>εἰσί.</em></strong></span> <span class='ocrx_word' id='word_1_86' title='bbox 559 779 633 821; x_wconf 82' lang='grc' dir='ltr'>καί</span> <span class='ocrx_word' id='word_1_87' title='bbox 675 781 825 834; x_wconf 80' lang='grc' dir='ltr'><strong><em>διπλῆν</em></strong></span> <span class='ocrx_word' id='word_1_88' title='bbox 854 779 1136 835; x_wconf 78' lang='grc' dir='ltr'><strong><em>προσκύνησιν</em></strong></span> <span class='ocrx_word' id='word_1_89' title='bbox 1169 778 1291 834; x_wconf 76' lang='grc' dir='ltr'><strong><em>ἡμεῖς</em></strong></span> <span class='ocrx_word' id='word_1_90' title='bbox 1319 782 1381 838; x_wconf 71' lang='grc' dir='ltr'><strong>τῷ</strong></span> <span class='ocrx_word' id='word_1_91' title='bbox 1405 782 1497 839; x_wconf 74' lang='grc' dir='ltr'><strong><em>θεῷ</em></strong></span> <span class='ocrx_word' id='word_1_92' title='bbox 1523 783 1736 839; x_wconf 76' lang='grc' dir='ltr'><strong><em>προσάγο-</em></strong></span> 
     </span>
     <span class='ocr_line' id='line_1_12' title="bbox 277 840 1738 903; baseline 0.003 -16"><span class='ocrx_word' id='word_1_93' title='bbox 277 862 368 902; x_wconf 92' lang='grc' dir='ltr'><strong><em>μεν,</em></strong></span> <span class='ocrx_word' id='word_1_94' title='bbox 397 848 458 903; x_wconf 70' lang='grc' dir='ltr'><strong>τῷ</strong></span> <span class='ocrx_word' id='word_1_95' title='bbox 482 862 527 889; x_wconf 83' lang='grc' dir='ltr'><strong>τε</strong></span> <span class='ocrx_word' id='word_1_96' title='bbox 553 847 615 903; x_wconf 69' lang='grc' dir='ltr'><strong>νιῖί</strong></span> <span class='ocrx_word' id='word_1_97' title='bbox 642 847 715 888; x_wconf 82' lang='grc' dir='ltr'>καί</span> <span class='ocrx_word' id='word_1_98' title='bbox 743 851 830 896; x_wconf 88' lang='grc' dir='ltr'><strong><em>τοῖς</em></strong></span> <span class='ocrx_word' id='word_1_99' title='bbox 861 850 1118 900; x_wconf 84' lang='grc' dir='ltr'><strong><em>σωματικοῖς</em></strong></span> <span class='ocrx_word' id='word_1_100' title='bbox 1159 846 1391 899; x_wconf 80' lang='grc' dir='ltr'><strong><em>ψάλλοντες</em></strong></span> <span class='ocrx_word' id='word_1_101' title='bbox 1418 849 1596 901; x_wconf 80' lang='grc' dir='ltr'><strong><em>χείλεσι.</em></strong></span> <span class='ocrx_word' id='word_1_102' title='bbox 1662 840 1738 894; x_wconf 64' lang='grc' dir='ltr'><strong>’καὶ</strong></span> 
     </span>
     <span class='ocr_line' id='line_1_13' title="bbox 280 908 1737 970; baseline 0.002 -17"><span class='ocrx_word' id='word_1_103' title='bbox 280 914 437 963; x_wconf 82' lang='grc' dir='ltr'><strong><em>διπλῶς</em></strong></span> <span class='ocrx_word' id='word_1_104' title='bbox 471 914 532 970; x_wconf 76' lang='grc' dir='ltr'><strong>τῷ</strong></span> <span class='ocrx_word' id='word_1_105' title='bbox 577 913 708 969; x_wconf 76' lang='grc' dir='ltr'><strong><em>κυρίῳ</em></strong></span> <span class='ocrx_word' id='word_1_106' title='bbox 744 908 954 967; x_wconf 74' lang='grc' dir='ltr'><strong><em>ἓνούμεθα</em></strong></span> <span class='ocrx_word' id='word_1_107' title='bbox 972 944 983 963; x_wconf 90' lang='grc'><strong><em>,</em></strong></span> <span class='ocrx_word' id='word_1_108' title='bbox 1017 914 1099 954; x_wconf 82' lang='grc' dir='ltr'><strong>τῶν</strong></span> <span class='ocrx_word' id='word_1_109' title='bbox 1134 928 1179 955; x_wconf 88' lang='grc' dir='ltr'><strong>τε</strong></span> <span class='ocrx_word' id='word_1_110' title='bbox 1221 914 1469 970; x_wconf 80' lang='grc' dir='ltr'><strong><em>μυστηρίων</em></strong></span> <span class='ocrx_word' id='word_1_111' title='bbox 1494 915 1737 969; x_wconf 80' lang='grc' dir='ltr'><strong><em>μετέχοντες</em></strong></span> 
     </span>
     <span class='ocr_line' id='line_1_14' title="bbox 277 977 1736 1038; baseline 0.002 -18"><span class='ocrx_word' id='word_1_112' title='bbox 277 979 351 1021; x_wconf 79' lang='grc' dir='ltr'><strong><em>καί</em></strong></span> <span class='ocrx_word' id='word_1_113' title='bbox 374 980 448 1034; x_wconf 83' lang='grc' dir='ltr'><strong>τῆς</strong></span> <span class='ocrx_word' id='word_1_114' title='bbox 476 980 550 1022; x_wconf 78' lang='grc' dir='ltr'><strong>τοῦ</strong></span> <span class='ocrx_word' id='word_1_115' title='bbox 578 979 813 1033; x_wconf 88' lang='grc' dir='ltr'><strong><em>πνεύματος</em></strong></span> <span class='ocrx_word' id='word_1_116' title='bbox 854 981 1050 1035; x_wconf 78' lang='grc' dir='ltr'><strong><em>χάριτος·</em></strong></span> <span class='ocrx_word' id='word_1_117' title='bbox 1121 979 1214 1022; x_wconf 78' lang='grc' dir='ltr'><strong><em>ἐπεὶ</em></strong></span> <span class='ocrx_word' id='word_1_118' title='bbox 1243 977 1324 1036; x_wconf 77' lang='grc' dir='ltr'><strong><em>γὰρ</em></strong></span> <span class='ocrx_word' id='word_1_119' title='bbox 1363 979 1463 1030; x_wconf 69' lang='grc' dir='ltr'><strong><em>ἔθος</em></strong></span> <span class='ocrx_word' id='word_1_120' title='bbox 1494 979 1736 1038; x_wconf 70' lang='grc' dir='ltr'><strong><em>ᾇνθρώποις</em></strong></span> 
     </span>
     <span class='ocr_line' id='line_1_15' title="bbox 277 1042 1737 1102; baseline 0.001 -15"><span class='ocrx_word' id='word_1_121' title='bbox 277 1046 439 1088; x_wconf 74' lang='grc' dir='ltr'><strong><em>ἐσθίειν</em></strong></span> <span class='ocrx_word' id='word_1_122' title='bbox 469 1043 595 1102; x_wconf 78' lang='grc' dir='ltr'><strong><em>ἄρτον</em></strong></span> <span class='ocrx_word' id='word_1_123' title='bbox 623 1044 742 1102; x_wconf 77' lang='grc' dir='ltr'><strong><em>ὕδωρ</em></strong></span> <span class='ocrx_word' id='word_1_124' title='bbox 775 1061 819 1087; x_wconf 87' lang='grc' dir='ltr'><strong>τε</strong></span> <span class='ocrx_word' id='word_1_125' title='bbox 862 1046 934 1088; x_wconf 84' lang='grc' dir='ltr'><em>καί</em></span> <span class='ocrx_word' id='word_1_126' title='bbox 972 1042 1083 1088; x_wconf 80' lang='grc' dir='ltr'><strong><em>οἶνον</em></strong></span> <span class='ocrx_word' id='word_1_127' title='bbox 1113 1047 1268 1097; x_wconf 84' lang='grc' dir='ltr'><strong><em>πίνειν,</em></strong></span> <span class='ocrx_word' id='word_1_128' title='bbox 1310 1046 1556 1100; x_wconf 82' lang='grc' dir='ltr'><strong><em>συνέζευξεν</em></strong></span> <span class='ocrx_word' id='word_1_129' title='bbox 1595 1046 1737 1098; x_wconf 69' lang='grc' dir='ltr'><strong><em>αὐτοῖς</em></strong></span> 
     </span>
     <span class='ocr_line' id='line_1_16' title="bbox 275 1108 1734 1168; baseline 0.001 -15"><span class='ocrx_word' id='word_1_130' title='bbox 275 1112 347 1166; x_wconf 85' lang='grc' dir='ltr'><strong>τὴν</strong></span> <span class='ocrx_word' id='word_1_131' title='bbox 382 1110 510 1155; x_wconf 80' lang='grc' dir='ltr'><strong><em>αὖτοῢ</em></strong></span> <span class='ocrx_word' id='word_1_132' title='bbox 537 1112 730 1168; x_wconf 77' lang='grc' dir='ltr'><strong><em>θεότητα,</em></strong></span> <span class='ocrx_word' id='word_1_133' title='bbox 761 1113 835 1155; x_wconf 81' lang='grc' dir='ltr'><em>καί</em></span> <span class='ocrx_word' id='word_1_134' title='bbox 864 1113 1088 1168; x_wconf 81' lang='grc' dir='ltr'><strong><em>πεποίηκεν</em></strong></span> <span class='ocrx_word' id='word_1_135' title='bbox 1132 1111 1239 1155; x_wconf 75' lang='grc' dir='ltr'><strong><em>αὐτὰ</em></strong></span> <span class='ocrx_word' id='word_1_136' title='bbox 1264 1114 1390 1167; x_wconf 72' lang='grc' dir='ltr'><strong><em>σῶμα</em></strong></span> <span class='ocrx_word' id='word_1_137' title='bbox 1419 1113 1493 1156; x_wconf 81' lang='grc' dir='ltr'><strong>καὶ</strong></span> <span class='ocrx_word' id='word_1_138' title='bbox 1521 1108 1628 1168; x_wconf 81' lang='grc' dir='ltr'><strong><em>αἷμα</em></strong></span> <span class='ocrx_word' id='word_1_139' title='bbox 1658 1113 1734 1155; x_wconf 83' lang='grc' dir='ltr'><strong>αὖ-</strong></span> 
     </span>
     <span class='ocr_line' id='line_1_17' title="bbox 276 1178 1734 1238; baseline 0.003 -19"><span class='ocrx_word' id='word_1_140' title='bbox 276 1180 363 1228; x_wconf 82' lang='grc' dir='ltr'><strong>τοῦ,</strong></span> <span class='ocrx_word' id='word_1_141' title='bbox 395 1179 464 1220; x_wconf 81' lang='grc' dir='ltr'><strong>ἵνα</strong></span> <span class='ocrx_word' id='word_1_142' title='bbox 497 1179 570 1220; x_wconf 77' lang='grc' dir='ltr'><strong><em>διὰ</em></strong></span> <span class='ocrx_word' id='word_1_143' title='bbox 598 1181 681 1222; x_wconf 77' lang='grc' dir='ltr'><strong>τῶν</strong></span> <span class='ocrx_word' id='word_1_144' title='bbox 708 1179 906 1235; x_wconf 76' lang='grc' dir='ltr'><strong><em>συνήθων</em></strong></span> <span class='ocrx_word' id='word_1_145' title='bbox 933 1179 1006 1222; x_wconf 81' lang='grc' dir='ltr'><em>καί</em></span> <span class='ocrx_word' id='word_1_146' title='bbox 1034 1178 1140 1222; x_wconf 76' lang='grc' dir='ltr'><strong><em>κατὰ</em></strong></span> <span class='ocrx_word' id='word_1_147' title='bbox 1172 1179 1298 1236; x_wconf 84' lang='grc' dir='ltr'><strong><em>φύσιν</em></strong></span> <span class='ocrx_word' id='word_1_148' title='bbox 1324 1181 1368 1222; x_wconf 77' lang='grc' dir='ltr'><strong>ἐν</strong></span> <span class='ocrx_word' id='word_1_149' title='bbox 1397 1184 1484 1230; x_wconf 83' lang='grc' dir='ltr'><strong><em>τοῖς</em></strong></span> <span class='ocrx_word' id='word_1_150' title='bbox 1514 1179 1621 1238; x_wconf 70' lang='grc' dir='ltr'><strong><em>ὑπὲρ</em></strong></span> <span class='ocrx_word' id='word_1_151' title='bbox 1655 1180 1734 1238; x_wconf 84' lang='grc' dir='ltr'><strong>φύ-</strong></span> 
     </span>
     <span class='ocr_line' id='line_1_18' title="bbox 276 1244 599 1300; baseline 0 -14"><span class='ocrx_word' id='word_1_152' title='bbox 276 1260 343 1286; x_wconf 86' lang='grc' dir='ltr'><strong><em>σιν</em></strong></span> <span class='ocrx_word' id='word_1_153' title='bbox 369 1244 599 1300; x_wconf 73' lang='grc' dir='ltr'><strong><em>γινώμεθα.</em></strong></span> 
     </span>
    </p>

    <p class='ocr_par' dir='ltr' id='par_1_4' title="bbox 270 1310 1739 1704">
     <span class='ocr_line' id='line_1_19' title="bbox 406 1310 1735 1372; baseline 0.002 -16"><span class='ocrx_word' id='word_1_154' title='bbox 406 1311 540 1356; x_wconf 57' lang='lat' dir='ltr'><strong>&#39;Ama</strong></span> <span class='ocrx_word' id='word_1_155' title='bbox 568 1313 641 1355; x_wconf 80' lang='grc' dir='ltr'><strong>καὶ</strong></span> <span class='ocrx_word' id='word_1_156' title='bbox 671 1311 694 1355; x_wconf 80' lang='grc' dir='ltr'>ὅ</span> <span class='ocrx_word' id='word_1_157' title='bbox 723 1316 840 1363; x_wconf 80' lang='grc' dir='ltr'><strong><em>θεῖος</em></strong></span> <span class='ocrx_word' id='word_1_158' title='bbox 870 1315 1087 1369; x_wconf 75' lang='grc' dir='ltr'><strong><em>Μάξιμος,</em></strong></span> <span class='ocrx_word' id='word_1_159' title='bbox 1116 1315 1344 1358; x_wconf 86' lang='grc' dir='ltr'><strong><em>Διονύσιον</em></strong></span> <span class='ocrx_word' id='word_1_160' title='bbox 1372 1310 1624 1372; x_wconf 69' lang='grc' dir='ltr'><strong><em>ἑρμηνεύων,</em></strong></span> <span class='ocrx_word' id='word_1_161' title='bbox 1653 1335 1735 1360; x_wconf 53' lang='grc' dir='ltr'><strong><em>πα..</em></strong></span> 
     </span>
     <span class='ocr_line' id='line_1_20' title="bbox 280 1378 1739 1443; baseline 0.006 -24"><span class='ocrx_word' id='word_1_162' title='bbox 280 1378 585 1435; x_wconf 83' lang='grc' dir='ltr'><strong><em>ραπετάσματα</em></strong></span> <span class='ocrx_word' id='word_1_163' title='bbox 621 1378 755 1434; x_wconf 80' lang='grc' dir='ltr'><strong><em>λέγειν</em></strong></span> <span class='ocrx_word' id='word_1_164' title='bbox 808 1380 915 1436; x_wconf 83' lang='grc' dir='ltr'><strong>φησί</strong></span> <span class='ocrx_word' id='word_1_165' title='bbox 939 1380 1165 1425; x_wconf 84' lang='grc' dir='ltr'><strong><em>Διονύσιον</em></strong></span> <span class='ocrx_word' id='word_1_166' title='bbox 1205 1380 1259 1424; x_wconf 81' lang='grc' dir='ltr'><strong>τὰ</strong></span> <span class='ocrx_word' id='word_1_167' title='bbox 1306 1385 1557 1436; x_wconf 72' lang='grc' dir='ltr'><strong><em>σωματικαῖς</em></strong></span> <span class='ocrx_word' id='word_1_168' title='bbox 1601 1385 1646 1428; x_wconf 75' lang='grc' dir='ltr'><strong>ἐν</strong></span> <span class='ocrx_word' id='word_1_169' title='bbox 1683 1387 1739 1443; x_wconf 81' lang='grc' dir='ltr'><strong>τῇ</strong></span> 
     </span>
     <span class='ocr_line' id='line_1_21' title="bbox 273 1445 1738 1508; baseline 0.005 -21"><span class='ocrx_word' id='word_1_170' title='bbox 273 1446 445 1503; x_wconf 79' lang='grc' dir='ltr'><strong><em>λατρεία</em></strong></span> <span class='ocrx_word' id='word_1_171' title='bbox 471 1445 696 1500; x_wconf 79' lang='grc' dir='ltr'><strong><em>τελούμενα</em></strong></span> <span class='ocrx_word' id='word_1_172' title='bbox 734 1447 808 1501; x_wconf 84' lang='grc' dir='ltr'><strong>τῆς</strong></span> <span class='ocrx_word' id='word_1_173' title='bbox 831 1446 1008 1503; x_wconf 79' lang='grc' dir='ltr'><strong><em>χάριτος</em></strong></span> <span class='ocrx_word' id='word_1_174' title='bbox 1039 1446 1119 1503; x_wconf 75' lang='grc' dir='ltr'><strong>ἔθη</strong></span> <span class='ocrx_word' id='word_1_175' title='bbox 1151 1449 1194 1490; x_wconf 81' lang='grc' dir='ltr'><strong>ἐν</strong></span> <span class='ocrx_word' id='word_1_176' title='bbox 1221 1450 1275 1504; x_wconf 82' lang='grc' dir='ltr'><strong>τῇ</strong></span> <span class='ocrx_word' id='word_1_177' title='bbox 1303 1449 1515 1508; x_wconf 73' lang='grc' dir='ltr'><strong><em>ἐκκλησίᾳ,</em></strong></span> <span class='ocrx_word' id='word_1_178' title='bbox 1548 1453 1738 1494; x_wconf 85' lang='grc' dir='ltr'><strong><em>τουτέστι</em></strong></span> 
     </span>
     <span class='ocr_line' id='line_1_22' title="bbox 270 1510 1735 1569; baseline 0.004 -15"><span class='ocrx_word' id='word_1_179' title='bbox 270 1510 317 1554; x_wconf 81' lang='grc' dir='ltr'><strong>τὸ</strong></span> <span class='ocrx_word' id='word_1_180' title='bbox 361 1513 435 1553; x_wconf 80' lang='grc' dir='ltr'><strong>τοῦ</strong></span> <span class='ocrx_word' id='word_1_181' title='bbox 471 1512 786 1566; x_wconf 87' lang='grc' dir='ltr'><strong><em>βαπτίσματος,</em></strong></span> <span class='ocrx_word' id='word_1_182' title='bbox 826 1514 901 1568; x_wconf 82' lang='grc' dir='ltr'><strong>τῆς</strong></span> <span class='ocrx_word' id='word_1_183' title='bbox 941 1512 1063 1569; x_wconf 73' lang='grc' dir='ltr'><strong><em>ἁγίας</em></strong></span> <span class='ocrx_word' id='word_1_184' title='bbox 1098 1515 1317 1564; x_wconf 84' lang='grc' dir='ltr'><strong><em>κοινωνίας</em></strong></span> <span class='ocrx_word' id='word_1_185' title='bbox 1354 1515 1535 1558; x_wconf 74' lang='grc' dir='ltr'><strong><em>καὶτῶν</em></strong></span> <span class='ocrx_word' id='word_1_186' title='bbox 1563 1519 1735 1561; x_wconf 75' lang='grc' dir='ltr'><strong><em>λοιπῶν.</em></strong></span> 
     </span>
     <span class='ocr_line' id='line_1_23' title="bbox 272 1577 1736 1638; baseline 0.004 -19"><span class='ocrx_word' id='word_1_187' title='bbox 272 1578 346 1620; x_wconf 75' lang='grc' dir='ltr'><strong>καὶ</strong></span> <span class='ocrx_word' id='word_1_188' title='bbox 369 1579 415 1621; x_wconf 88' lang='grc' dir='ltr'><strong>τί</strong></span> <span class='ocrx_word' id='word_1_189' title='bbox 440 1580 509 1620; x_wconf 78' lang='grc' dir='ltr'><strong><em>δεῖ</em></strong></span> <span class='ocrx_word' id='word_1_190' title='bbox 536 1578 740 1620; x_wconf 82' lang='grc' dir='ltr'><strong><em>πλειόνων</em></strong></span> <span class='ocrx_word' id='word_1_191' title='bbox 786 1580 971 1622; x_wconf 73' lang='grc' dir='ltr'><strong><em>ἐνταῦθα</em></strong></span> <span class='ocrx_word' id='word_1_192' title='bbox 1013 1580 1171 1636; x_wconf 59' lang='grc' dir='ltr'><strong><em>λόγωνς</em></strong></span> <span class='ocrx_word' id='word_1_193' title='bbox 1202 1579 1333 1631; x_wconf 63' lang='grc' dir='ltr'><strong><em>αὐτὸς,</em></strong></span> <span class='ocrx_word' id='word_1_194' title='bbox 1365 1580 1446 1638; x_wconf 79' lang='grc' dir='ltr'><strong><em>γὰρ</em></strong></span> <span class='ocrx_word' id='word_1_195' title='bbox 1478 1580 1503 1625; x_wconf 80' lang='grc' dir='ltr'><em>ὅ</em></span> <span class='ocrx_word' id='word_1_196' title='bbox 1529 1581 1662 1638; x_wconf 76' lang='grc' dir='ltr'><strong><em>μέγας</em></strong></span> <span class='ocrx_word' id='word_1_197' title='bbox 1692 1577 1736 1625; x_wconf 77' lang='grc' dir='ltr'><strong>ἐν</strong></span> 
     </span>
     <span class='ocr_line' id='line_1_24' title="bbox 272 1645 1735 1704; baseline 0.005 -19"><span class='ocrx_word' id='word_1_198' title='bbox 272 1645 469 1703; x_wconf 72' lang='grc' dir='ltr'><strong><em>θεολογίᾳ</em></strong></span> <span class='ocrx_word' id='word_1_199' title='bbox 497 1645 538 1687; x_wconf 91' lang='grc' dir='ltr'><strong>Γ</strong></span> <span class='ocrx_word' id='word_1_200' title='bbox 539 1645 735 1701; x_wconf 83' lang='grc' dir='ltr'><strong><em>ρηγόριος</em></strong></span> <span class='ocrx_word' id='word_1_201' title='bbox 757 1646 838 1704; x_wconf 42' lang='grc' dir='ltr'><strong>Ὃκαί</strong></span> <span class='ocrx_word' id='word_1_202' title='bbox 867 1645 966 1688; x_wconf 79' lang='grc' dir='ltr'><strong><em>αὖτὸ</em></strong></span> <span class='ocrx_word' id='word_1_203' title='bbox 1000 1646 1051 1702; x_wconf 76' lang='grc' dir='ltr'><strong>δὴ</strong></span> <span class='ocrx_word' id='word_1_204' title='bbox 1080 1645 1126 1689; x_wconf 89' lang='grc' dir='ltr'>τὸ</span> <span class='ocrx_word' id='word_1_205' title='bbox 1147 1647 1296 1700; x_wconf 81' lang='grc' dir='ltr'><strong><em>πάσχα</em></strong></span> <span class='ocrx_word' id='word_1_206' title='bbox 1323 1648 1399 1690; x_wconf 70' lang='grc' dir='ltr'><strong>τοῦ</strong></span> <span class='ocrx_word' id='word_1_207' title='bbox 1423 1649 1574 1704; x_wconf 86' lang='grc' dir='ltr'><strong><em>κυρίου</em></strong></span> <span class='ocrx_word' id='word_1_208' title='bbox 1605 1649 1735 1692; x_wconf 87' lang='grc' dir='ltr'><strong><em>τύπον</em></strong></span> 
     </span>
    </p>
   </div>
   <div class='ocr_carea' id='block_1_4' title="bbox 1474 187 1493 196">
    <p class='ocr_par' dir='ltr' id='par_1_5' title="bbox 1474 187 1493 196">
     <span class='ocr_line' id='line_1_25' title="bbox 1474 187 1493 196; baseline 0 0"><span class='ocrx_word' id='word_1_209' title='bbox 1474 187 1493 196; x_wconf 61' lang='lat' dir='ltr'><em>ae</em></span> 
     </span>
    </p>
   </div>
   <div class='ocr_carea' id='block_1_5' title="bbox 240 1709 1733 1770">
    <p class='ocr_par' dir='ltr' id='par_1_6' title="bbox 240 1709 1733 1770">
     <span class='ocr_line' id='line_1_26' title="bbox 240 1709 1733 1770; baseline -0.005 -4"><span class='ocrx_word' id='word_1_210' title='bbox 240 1712 244 1714; x_wconf 71' lang='lat'>,</span> <span class='ocrx_word' id='word_1_211' title='bbox 271 1710 429 1767; x_wconf 61' lang='grc' dir='ltr'><strong><em>ἔφησεν</em></strong></span> <span class='ocrx_word' id='word_1_212' title='bbox 463 1713 583 1763; x_wconf 61' lang='grc' dir='ltr'><strong><em>εἶναι,</em></strong></span> <span class='ocrx_word' id='word_1_213' title='bbox 611 1709 671 1767; x_wconf 76' lang='grc' dir='ltr'><strong>μή</strong></span> <span class='ocrx_word' id='word_1_214' title='bbox 703 1710 766 1755; x_wconf 80' lang='grc' dir='ltr'><strong>ὅτι</strong></span> <span class='ocrx_word' id='word_1_215' title='bbox 786 1715 870 1755; x_wconf 70' lang='grc' dir='ltr'><strong><em>ταῖν</em></strong></span> <span class='ocrx_word' id='word_1_216' title='bbox 896 1713 1031 1755; x_wconf 78' lang='grc' dir='ltr'><strong><em>πάλαι</em></strong></span> <span class='ocrx_word' id='word_1_217' title='bbox 1061 1715 1291 1770; x_wconf 79' lang='grc' dir='ltr'><strong><em>προφητῶν</em></strong></span> <span class='ocrx_word' id='word_1_218' title='bbox 1319 1715 1457 1757; x_wconf 76' lang='grc' dir='ltr'><strong><em>ἐκεῖνα</em></strong></span> <span class='ocrx_word' id='word_1_219' title='bbox 1474 1713 1555 1758; x_wconf 78' lang='grc' dir='ltr'><strong><em>ὅσα</em></strong></span> <span class='ocrx_word' id='word_1_220' title='bbox 1585 1715 1733 1758; x_wconf 88' lang='grc' dir='ltr'><strong><em>τούτου</em></strong></span> 
     </span>
    </p>
   </div>
   <div class='ocr_carea' id='block_1_6' title="bbox 270 1910 1733 2007">
    <p class='ocr_par' dir='ltr' id='par_1_7' title="bbox 270 1910 1733 2007">
     <span class='ocr_line' id='line_1_27' title="bbox 270 1910 1731 1962; baseline 0.006 -18"><span class='ocrx_word' id='word_1_221' title='bbox 270 1910 431 1945; x_wconf 80' lang='lat' dir='ltr'><strong>volnera.</strong></span> <span class='ocrx_word' id='word_1_222' title='bbox 482 1922 572 1956; x_wconf 89' lang='lat' dir='ltr'><strong>quae</strong></span> <span class='ocrx_word' id='word_1_223' title='bbox 598 1913 850 1957; x_wconf 84' lang='lat' dir='ltr'><strong>interpretatus</strong></span> <span class='ocrx_word' id='word_1_224' title='bbox 889 1918 951 1952; x_wconf 84' lang='lat' dir='ltr'><strong>est·</strong></span> <span class='ocrx_word' id='word_1_225' title='bbox 979 1913 1015 1949; x_wconf 94' lang='lat' dir='ltr'><strong>S.</strong></span> <span class='ocrx_word' id='word_1_226' title='bbox 1042 1915 1192 1950; x_wconf 86' lang='lat' dir='ltr'><strong>Ioannes</strong></span> <span class='ocrx_word' id='word_1_227' title='bbox 1217 1915 1483 1951; x_wconf 78' lang='lat' dir='ltr'><strong>Damascenus:</strong></span> <span class='ocrx_word' id='word_1_228' title='bbox 1509 1927 1614 1962; x_wconf 89' lang='lat' dir='ltr'><strong>quum</strong></span> <span class='ocrx_word' id='word_1_229' title='bbox 1640 1917 1731 1953; x_wconf 85' lang='lat' dir='ltr'><strong>enim</strong></span> 
     </span>
     <span class='ocr_line' id='line_1_28' title="bbox 271 1958 1733 2007; baseline 0.005 -16"><span class='ocrx_word' id='word_1_230' title='bbox 271 1958 375 1991; x_wconf 84' lang='lat' dir='ltr'><strong>homo</strong></span> <span class='ocrx_word' id='word_1_231' title='bbox 406 1959 621 2002; x_wconf 86' lang='lat' dir='ltr'><strong>compositus</strong></span> <span class='ocrx_word' id='word_1_232' title='bbox 647 1959 693 1994; x_wconf 88' lang='lat' dir='ltr'><strong>sit</strong></span> <span class='ocrx_word' id='word_1_233' title='bbox 726 1971 770 1994; x_wconf 88' lang='lat' dir='ltr'><strong>ex</strong></span> <span class='ocrx_word' id='word_1_234' title='bbox 794 1961 909 1995; x_wconf 87' lang='lat' dir='ltr'><strong>anima</strong></span> <span class='ocrx_word' id='word_1_235' title='bbox 935 1966 971 1995; x_wconf 87' lang='lat' dir='ltr'><strong>et</strong></span> <span class='ocrx_word' id='word_1_236' title='bbox 995 1970 1165 2006; x_wconf 88' lang='lat' dir='ltr'><strong>corpore,</strong></span> <span class='ocrx_word' id='word_1_237' title='bbox 1197 1962 1329 2007; x_wconf 83' lang='lat' dir='ltr'>duplex</span> <span class='ocrx_word' id='word_1_238' title='bbox 1354 1963 1422 1997; x_wconf 72' lang='lat' dir='ltr'><strong>mit</strong></span> <span class='ocrx_word' id='word_1_239' title='bbox 1446 1968 1482 1997; x_wconf 90' lang='lat' dir='ltr'><strong>et</strong></span> <span class='ocrx_word' id='word_1_240' title='bbox 1503 1963 1662 2000; x_wconf 82' lang='lat' dir='ltr'><strong>Christus</strong></span> <span class='ocrx_word' id='word_1_241' title='bbox 1687 1975 1733 1999; x_wconf 85' lang='lat' dir='ltr'><strong>ex</strong></span> 
     </span>
    </p>
   </div>
   <div class='ocr_carea' id='block_1_7' title="bbox 271 2005 1755 2104">
    <p class='ocr_par' dir='ltr' id='par_1_8' title="bbox 271 2005 1755 2104">
     <span class='ocr_line' id='line_1_29' title="bbox 271 2005 1742 2056; baseline 0.004 -17"><span class='ocrx_word' id='word_1_242' title='bbox 271 2006 401 2040; x_wconf 80' lang='lat' dir='ltr'><strong>deitate</strong></span> <span class='ocrx_word' id='word_1_243' title='bbox 426 2016 527 2050; x_wconf 87' lang='lat' dir='ltr'><strong>quam</strong></span> <span class='ocrx_word' id='word_1_244' title='bbox 554 2005 745 2050; x_wconf 85' lang='lat' dir='ltr'><strong>habuerat,</strong></span> <span class='ocrx_word' id='word_1_245' title='bbox 782 2013 817 2041; x_wconf 89' lang='lat' dir='ltr'><strong>et</strong></span> <span class='ocrx_word' id='word_1_246' title='bbox 854 2018 962 2042; x_wconf 87' lang='lat' dir='ltr'><strong>carne</strong></span> <span class='ocrx_word' id='word_1_247' title='bbox 987 2013 1111 2053; x_wconf 88' lang='lat' dir='ltr'><strong>postea</strong></span> <span class='ocrx_word' id='word_1_248' title='bbox 1146 2010 1282 2052; x_wconf 86' lang='lat' dir='ltr'><strong>addita,</strong></span> <span class='ocrx_word' id='word_1_249' title='bbox 1307 2010 1356 2043; x_wconf 84' lang='lat' dir='ltr'><strong>ita</strong></span> <span class='ocrx_word' id='word_1_250' title='bbox 1380 2015 1420 2044; x_wconf 79' lang='lat' dir='ltr'><strong>ut</strong></span> <span class='ocrx_word' id='word_1_251' title='bbox 1442 2021 1511 2045; x_wconf 85' lang='lat' dir='ltr'><strong>una</strong></span> <span class='ocrx_word' id='word_1_252' title='bbox 1537 2008 1742 2056; x_wconf 52' lang='lat' dir='ltr'><strong>eademque*</strong></span> 
     </span>
     <span class='ocr_line' id='line_1_30' title="bbox 271 2052 1755 2104; baseline 0.004 -18"><span class='ocrx_word' id='word_1_253' title='bbox 271 2052 402 2086; x_wconf 85' lang='lat' dir='ltr'><strong>domini</strong></span> <span class='ocrx_word' id='word_1_254' title='bbox 432 2053 585 2087; x_wconf 78' lang='lat' dir='ltr'><strong>essentia</strong></span> <span class='ocrx_word' id='word_1_255' title='bbox 612 2059 731 2088; x_wconf 84' lang='lat' dir='ltr'><strong>creata</strong></span> <span class='ocrx_word' id='word_1_256' title='bbox 762 2059 797 2088; x_wconf 86' lang='lat' dir='ltr'><strong>et</strong></span> <span class='ocrx_word' id='word_1_257' title='bbox 823 2056 1003 2097; x_wconf 87' lang='lat' dir='ltr'><strong>increata,</strong></span> <span class='ocrx_word' id='word_1_258' title='bbox 1043 2055 1197 2090; x_wconf 86' lang='lat' dir='ltr'><strong>visibilis</strong></span> <span class='ocrx_word' id='word_1_259' title='bbox 1227 2062 1262 2093; x_wconf 85' lang='lat' dir='ltr'><strong>et</strong></span> <span class='ocrx_word' id='word_1_260' title='bbox 1287 2056 1477 2091; x_wconf 84' lang='lat' dir='ltr'><strong>invisibilis</strong></span> <span class='ocrx_word' id='word_1_261' title='bbox 1503 2058 1560 2091; x_wconf 89' lang='lat' dir='ltr'><strong>sit.</strong></span> <span class='ocrx_word' id='word_1_262' title='bbox 1609 2057 1729 2104; x_wconf 85' lang='lat' dir='ltr'><strong>dupli-</strong></span> <span class='ocrx_word' id='word_1_263' title='bbox 1752 2082 1755 2085; x_wconf 82' lang='lat'><em>-</em></span> 
     </span>
    </p>
   </div>
   <div class='ocr_carea' id='block_1_8' title="bbox 266 2100 1728 2523">
    <p class='ocr_par' dir='ltr' id='par_1_9' title="bbox 266 2100 1728 2523">
     <span class='ocr_line' id='line_1_31' title="bbox 270 2100 1728 2160; baseline 0.004 -28"><span class='ocrx_word' id='word_1_264' title='bbox 270 2110 346 2132; x_wconf 89' lang='lat' dir='ltr'><strong>cem</strong></span> <span class='ocrx_word' id='word_1_265' title='bbox 375 2100 484 2144; x_wconf 87' lang='lat' dir='ltr'><strong>igitur</strong></span> <span class='ocrx_word' id='word_1_266' title='bbox 517 2100 709 2144; x_wconf 77' lang='lat' dir='ltr'><strong>baptismus</strong></span> <span class='ocrx_word' id='word_1_267' title='bbox 746 2102 893 2146; x_wconf 89' lang='lat' dir='ltr'><strong>praebet</strong></span> <span class='ocrx_word' id='word_1_268' title='bbox 917 2104 1162 2147; x_wconf 77' lang='lat' dir='ltr'><strong>purgationem</strong></span> <span class='ocrx_word' id='word_1_269' title='bbox 1202 2103 1333 2149; x_wconf 88' lang='lat' dir='ltr'><strong>duplici</strong></span> <span class='ocrx_word' id='word_1_270' title='bbox 1359 2103 1490 2138; x_wconf 85' lang='lat' dir='ltr'><strong>homini</strong></span> <span class='ocrx_word' id='word_1_271' title='bbox 1516 2114 1582 2149; x_wconf 85' lang='lat' dir='ltr'><strong>per</strong></span> <span class='ocrx_word' id='word_1_272' title='bbox 1604 2115 1728 2160; x_wconf 68' lang='lat' dir='ltr'><strong>aquam</strong></span> 
     </span>
     <span class='ocr_line' id='line_1_32' title="bbox 270 2147 1727 2191; baseline 0.004 -12"><span class='ocrx_word' id='word_1_273' title='bbox 270 2151 306 2179; x_wconf 90' lang='lat' dir='ltr'><strong>et</strong></span> <span class='ocrx_word' id='word_1_274' title='bbox 337 2147 509 2190; x_wconf 88' lang='lat' dir='ltr'><strong>spiritum.</strong></span> <span class='ocrx_word' id='word_1_275' title='bbox 569 2158 742 2191; x_wconf 87' lang='lat' dir='ltr'><strong>corporea</strong></span> <span class='ocrx_word' id='word_1_276' title='bbox 788 2149 898 2183; x_wconf 88' lang='lat' dir='ltr'><strong>forma</strong></span> <span class='ocrx_word' id='word_1_277' title='bbox 933 2151 1026 2183; x_wconf 86' lang='lat' dir='ltr'><strong>sicut</strong></span> <span class='ocrx_word' id='word_1_278' title='bbox 1066 2150 1228 2183; x_wconf 86' lang='lat' dir='ltr'><strong>columba</strong></span> <span class='ocrx_word' id='word_1_279' title='bbox 1265 2148 1448 2189; x_wconf 80' lang='lat' dir='ltr'><strong>descendit</strong></span> <span class='ocrx_word' id='word_1_280' title='bbox 1479 2149 1519 2184; x_wconf 78' lang='lat' dir='ltr'><strong>in</strong></span> <span class='ocrx_word' id='word_1_281' title='bbox 1552 2151 1727 2187; x_wconf 75' lang='lat' dir='ltr'><strong>dominum</strong></span> 
     </span>
     <span class='ocr_line' id='line_1_33' title="bbox 269 2194 1726 2242; baseline 0.003 -16"><span class='ocrx_word' id='word_1_282' title='bbox 269 2194 414 2236; x_wconf 88' lang='lat' dir='ltr'><strong>spiritus</strong></span> <span class='ocrx_word' id='word_1_283' title='bbox 440 2199 594 2228; x_wconf 83' lang='lat' dir='ltr'><strong>sanctus.</strong></span> <span class='ocrx_word' id='word_1_284' title='bbox 646 2195 803 2229; x_wconf 83' lang='lat' dir='ltr'><strong>visibilia</strong></span> <span class='ocrx_word' id='word_1_285' title='bbox 829 2197 920 2230; x_wconf 92' lang='lat' dir='ltr'><strong>enim</strong></span> <span class='ocrx_word' id='word_1_286' title='bbox 940 2202 1021 2230; x_wconf 89' lang='lat' dir='ltr'><strong>sunt</strong></span> <span class='ocrx_word' id='word_1_287' title='bbox 1047 2197 1208 2240; x_wconf 77' lang='lat' dir='ltr'><strong>symbola</strong></span> <span class='ocrx_word' id='word_1_288' title='bbox 1235 2207 1354 2232; x_wconf 88' lang='lat' dir='ltr'><strong>eorum</strong></span> <span class='ocrx_word' id='word_1_289' title='bbox 1380 2208 1471 2242; x_wconf 85' lang='lat' dir='ltr'><strong>quae</strong></span> <span class='ocrx_word' id='word_1_290' title='bbox 1492 2203 1611 2232; x_wconf 83' lang='lat' dir='ltr'><strong>mente</strong></span> <span class='ocrx_word' id='word_1_291' title='bbox 1636 2209 1726 2232; x_wconf 90' lang='lat' dir='ltr'><strong>con..</strong></span> 
     </span>
     <span class='ocr_line' id='line_1_34' title="bbox 269 2241 1726 2290; baseline 0.003 -18"><span class='ocrx_word' id='word_1_292' title='bbox 269 2241 460 2284; x_wconf 87' lang='lat' dir='ltr'><strong>cipiuntur.</strong></span> <span class='ocrx_word' id='word_1_293' title='bbox 512 2247 547 2274; x_wconf 85' lang='lat' dir='ltr'><strong>et</strong></span> <span class='ocrx_word' id='word_1_294' title='bbox 572 2241 705 2286; x_wconf 89' lang='lat' dir='ltr'><strong>duplici</strong></span> <span class='ocrx_word' id='word_1_295' title='bbox 731 2245 964 2278; x_wconf 85' lang='lat' dir='ltr'><strong>veneratione</strong></span> <span class='ocrx_word' id='word_1_296' title='bbox 990 2244 1091 2277; x_wconf 92' lang='lat' dir='ltr'><strong>deum</strong></span> <span class='ocrx_word' id='word_1_297' title='bbox 1108 2244 1353 2290; x_wconf 79' lang='lat' dir='ltr'><strong>prosequimur</strong></span> <span class='ocrx_word' id='word_1_298' title='bbox 1379 2250 1414 2278; x_wconf 89' lang='lat' dir='ltr'><strong>et</strong></span> <span class='ocrx_word' id='word_1_299' title='bbox 1436 2245 1552 2279; x_wconf 89' lang='lat' dir='ltr'><strong>animo</strong></span> <span class='ocrx_word' id='word_1_300' title='bbox 1578 2250 1613 2279; x_wconf 91' lang='lat' dir='ltr'><strong>et</strong></span> <span class='ocrx_word' id='word_1_301' title='bbox 1641 2255 1726 2279; x_wconf 88' lang='lat' dir='ltr'><strong>cor-</strong></span> 
     </span>
     <span class='ocr_line' id='line_1_35' title="bbox 267 2288 1727 2336; baseline 0.005 -17"><span class='ocrx_word' id='word_1_302' title='bbox 267 2288 386 2330; x_wconf 88' lang='lat' dir='ltr'><strong>poreis</strong></span> <span class='ocrx_word' id='word_1_303' title='bbox 424 2288 573 2321; x_wconf 88' lang='lat' dir='ltr'><strong>vocibus</strong></span> <span class='ocrx_word' id='word_1_304' title='bbox 605 2288 795 2331; x_wconf 78' lang='lat' dir='ltr'><strong>canentes,</strong></span> <span class='ocrx_word' id='word_1_305' title='bbox 834 2295 869 2323; x_wconf 85' lang='lat' dir='ltr'><strong>et</strong></span> <span class='ocrx_word' id='word_1_306' title='bbox 896 2290 1087 2334; x_wconf 80' lang='lat' dir='ltr'><strong>dupliciter</strong></span> <span class='ocrx_word' id='word_1_307' title='bbox 1119 2301 1195 2324; x_wconf 92' lang='lat' dir='ltr'><strong>cum</strong></span> <span class='ocrx_word' id='word_1_308' title='bbox 1221 2291 1362 2325; x_wconf 88' lang='lat' dir='ltr'><strong>domino</strong></span> <span class='ocrx_word' id='word_1_309' title='bbox 1403 2296 1441 2325; x_wconf 84' lang='lat' dir='ltr'><strong>et</strong></span> <span class='ocrx_word' id='word_1_310' title='bbox 1477 2292 1656 2336; x_wconf 78' lang='lat' dir='ltr'><strong>mysteriis</strong></span> <span class='ocrx_word' id='word_1_311' title='bbox 1691 2297 1727 2326; x_wconf 87' lang='lat' dir='ltr'><strong>et</strong></span> 
     </span>
     <span class='ocr_line' id='line_1_36' title="bbox 268 2334 1725 2384; baseline 0.005 -18"><span class='ocrx_word' id='word_1_312' title='bbox 268 2334 412 2377; x_wconf 83' lang='lat' dir='ltr'><strong>spiritus</strong></span> <span class='ocrx_word' id='word_1_313' title='bbox 437 2336 549 2379; x_wconf 86' lang='lat' dir='ltr'><strong>gratia</strong></span> <span class='ocrx_word' id='word_1_314' title='bbox 576 2336 862 2371; x_wconf 84' lang='lat' dir='ltr'><strong>reconciliamur.</strong></span> <span class='ocrx_word' id='word_1_315' title='bbox 913 2348 1018 2382; x_wconf 90' lang='lat' dir='ltr'><strong>quum</strong></span> <span class='ocrx_word' id='word_1_316' title='bbox 1045 2339 1135 2371; x_wconf 87' lang='lat' dir='ltr'><strong>enim</strong></span> <span class='ocrx_word' id='word_1_317' title='bbox 1161 2348 1285 2382; x_wconf 85' lang='lat' dir='ltr'><strong>panem</strong></span> <span class='ocrx_word' id='word_1_318' title='bbox 1311 2338 1430 2381; x_wconf 86' lang='lat' dir='ltr'><strong>edere,</strong></span> <span class='ocrx_word' id='word_1_319' title='bbox 1457 2348 1581 2384; x_wconf 85' lang='lat' dir='ltr'><strong>aquam</strong></span> <span class='ocrx_word' id='word_1_320' title='bbox 1607 2343 1642 2373; x_wconf 88' lang='lat' dir='ltr'><strong>et</strong></span> <span class='ocrx_word' id='word_1_321' title='bbox 1665 2340 1725 2373; x_wconf 89' lang='lat' dir='ltr'><strong>vi-</strong></span> 
     </span>
     <span class='ocr_line' id='line_1_37' title="bbox 266 2381 1723 2427; baseline 0.005 -14"><span class='ocrx_word' id='word_1_322' title='bbox 266 2391 348 2427; x_wconf 90' lang='lat' dir='ltr'><strong>num</strong></span> <span class='ocrx_word' id='word_1_323' title='bbox 378 2381 502 2414; x_wconf 86' lang='lat' dir='ltr'><strong>bibere</strong></span> <span class='ocrx_word' id='word_1_324' title='bbox 527 2383 667 2416; x_wconf 84' lang='lat' dir='ltr'><strong>soleant</strong></span> <span class='ocrx_word' id='word_1_325' title='bbox 692 2383 864 2427; x_wconf 87' lang='lat' dir='ltr'><strong>homines,</strong></span> <span class='ocrx_word' id='word_1_326' title='bbox 894 2386 1118 2419; x_wconf 83' lang='lat' dir='ltr'><strong>consociavit</strong></span> <span class='ocrx_word' id='word_1_327' title='bbox 1142 2395 1218 2418; x_wconf 86' lang='lat' dir='ltr'><strong>cum</strong></span> <span class='ocrx_word' id='word_1_328' title='bbox 1237 2385 1280 2419; x_wconf 87' lang='lat' dir='ltr'><strong>iis</strong></span> <span class='ocrx_word' id='word_1_329' title='bbox 1304 2385 1409 2419; x_wconf 85' lang='lat' dir='ltr'><strong>rebus</strong></span> <span class='ocrx_word' id='word_1_330' title='bbox 1434 2386 1600 2419; x_wconf 77' lang='lat' dir='ltr'><strong>deitatem</strong></span> <span class='ocrx_word' id='word_1_331' title='bbox 1626 2396 1723 2420; x_wconf 83' lang='lat' dir='ltr'><strong>suam</strong></span> 
     </span>
     <span class='ocr_line' id='line_1_38' title="bbox 267 2428 1724 2476; baseline 0.003 -17"><span class='ocrx_word' id='word_1_332' title='bbox 267 2428 353 2460; x_wconf 86' lang='lat' dir='ltr'><strong>deus</strong></span> <span class='ocrx_word' id='word_1_333' title='bbox 384 2438 514 2473; x_wconf 82' lang='lat' dir='ltr'><strong>easque</strong></span> <span class='ocrx_word' id='word_1_334' title='bbox 539 2430 691 2463; x_wconf 88' lang='lat' dir='ltr'><strong>reddidit</strong></span> <span class='ocrx_word' id='word_1_335' title='bbox 718 2441 845 2475; x_wconf 89' lang='lat' dir='ltr'><strong>corpus</strong></span> <span class='ocrx_word' id='word_1_336' title='bbox 872 2437 908 2465; x_wconf 88' lang='lat' dir='ltr'><strong>et</strong></span> <span class='ocrx_word' id='word_1_337' title='bbox 934 2433 1140 2476; x_wconf 86' lang='lat' dir='ltr'><strong>sanguinem</strong></span> <span class='ocrx_word' id='word_1_338' title='bbox 1165 2442 1289 2474; x_wconf 89' lang='lat' dir='ltr'><strong>suum,</strong></span> <span class='ocrx_word' id='word_1_339' title='bbox 1318 2433 1370 2465; x_wconf 89' lang='lat' dir='ltr'><strong>uti</strong></span> <span class='ocrx_word' id='word_1_340' title='bbox 1393 2442 1457 2475; x_wconf 87' lang='lat' dir='ltr'><strong>per</strong></span> <span class='ocrx_word' id='word_1_341' title='bbox 1494 2433 1724 2468; x_wconf 87' lang='lat' dir='ltr'><strong>consuetudi-</strong></span> 
     </span>
     <span class='ocr_line' id='line_1_39' title="bbox 266 2477 1548 2523; baseline 0.006 -17"><span class='ocrx_word' id='word_1_342' title='bbox 266 2485 345 2507; x_wconf 87' lang='lat' dir='ltr'><strong>nem</strong></span> <span class='ocrx_word' id='word_1_343' title='bbox 374 2480 408 2508; x_wconf 91' lang='lat' dir='ltr'><strong>et</strong></span> <span class='ocrx_word' id='word_1_344' title='bbox 432 2481 590 2509; x_wconf 84' lang='lat' dir='ltr'><strong>naturam</strong></span> <span class='ocrx_word' id='word_1_345' title='bbox 616 2477 660 2510; x_wconf 85' lang='lat' dir='ltr'><strong>ad</strong></span> <span class='ocrx_word' id='word_1_346' title='bbox 686 2488 727 2511; x_wconf 84' lang='lat' dir='ltr'><strong>ea</strong></span> <span class='ocrx_word' id='word_1_347' title='bbox 753 2488 843 2523; x_wconf 87' lang='lat' dir='ltr'><strong>quae</strong></span> <span class='ocrx_word' id='word_1_348' title='bbox 871 2489 976 2523; x_wconf 86' lang='lat' dir='ltr'><strong>supra</strong></span> <span class='ocrx_word' id='word_1_349' title='bbox 1000 2485 1157 2514; x_wconf 79' lang='lat' dir='ltr'><strong>naturam</strong></span> <span class='ocrx_word' id='word_1_350' title='bbox 1183 2484 1263 2513; x_wconf 86' lang='lat' dir='ltr'><strong>sunt</strong></span> <span class='ocrx_word' id='word_1_351' title='bbox 1287 2480 1548 2523; x_wconf 81' lang='lat' dir='ltr'><strong>perveniamus.</strong></span> 
     </span>
    </p>
   </div>
   <div class='ocr_carea' id='block_1_9' title="bbox 267 2539 1723 2775">
    <p class='ocr_par' dir='ltr' id='par_1_10' title="bbox 267 2539 1723 2775">
     <span class='ocr_line' id='line_1_40' title="bbox 396 2539 1723 2587; baseline 0.004 -15"><span class='ocrx_word' id='word_1_352' title='bbox 396 2539 449 2572; x_wconf 86' lang='lat' dir='ltr'><strong>Ac</strong></span> <span class='ocrx_word' id='word_1_353' title='bbox 479 2539 513 2573; x_wconf 88' lang='lat' dir='ltr'><strong>S.</strong></span> <span class='ocrx_word' id='word_1_354' title='bbox 541 2540 708 2574; x_wconf 78' lang='lat' dir='ltr'><strong>Maximus</strong></span> <span class='ocrx_word' id='word_1_355' title='bbox 745 2541 805 2575; x_wconf 87' lang='lat' dir='ltr'><strong>ubi</strong></span> <span class='ocrx_word' id='word_1_356' title='bbox 831 2542 1037 2586; x_wconf 79' lang='lat' dir='ltr'><strong>Dionysium</strong></span> <span class='ocrx_word' id='word_1_357' title='bbox 1063 2543 1338 2587; x_wconf 86' lang='lat' dir='ltr'><strong>interpretatur,</strong></span> <span class='ocrx_word' id='word_1_358' title='bbox 1373 2543 1484 2577; x_wconf 86' lang='lat' dir='ltr'><strong>refert</strong></span> <span class='ocrx_word' id='word_1_359' title='bbox 1510 2553 1587 2576; x_wconf 87' lang='lat' dir='ltr'><strong>eum</strong></span> <span class='ocrx_word' id='word_1_360' title='bbox 1613 2543 1723 2578; x_wconf 86' lang='lat' dir='ltr'><strong>invo-</strong></span> 
     </span>
     <span class='ocr_line' id='line_1_41' title="bbox 267 2585 1721 2635; baseline 0.006 -18"><span class='ocrx_word' id='word_1_361' title='bbox 267 2585 368 2619; x_wconf 88' lang='lat' dir='ltr'><strong>lucra</strong></span> <span class='ocrx_word' id='word_1_362' title='bbox 396 2586 515 2619; x_wconf 87' lang='lat' dir='ltr'><strong>dicere</strong></span> <span class='ocrx_word' id='word_1_363' title='bbox 542 2588 752 2622; x_wconf 86' lang='lat' dir='ltr'><strong>cerimonias</strong></span> <span class='ocrx_word' id='word_1_364' title='bbox 777 2599 867 2633; x_wconf 90' lang='lat' dir='ltr'><strong>quae</strong></span> <span class='ocrx_word' id='word_1_365' title='bbox 891 2591 927 2623; x_wconf 90' lang='lat' dir='ltr'><strong>in</strong></span> <span class='ocrx_word' id='word_1_366' title='bbox 953 2590 1196 2634; x_wconf 76' lang='lat' dir='ltr'><strong>dispensandis</strong></span> <span class='ocrx_word' id='word_1_367' title='bbox 1213 2591 1335 2635; x_wconf 83' lang='lat' dir='ltr'><strong>gratiis</strong></span> <span class='ocrx_word' id='word_1_368' title='bbox 1363 2589 1596 2634; x_wconf 85' lang='lat' dir='ltr'><strong>corporaliter</strong></span> <span class='ocrx_word' id='word_1_369' title='bbox 1622 2590 1721 2634; x_wconf 84' lang='lat' dir='ltr'><strong>fiunt,</strong></span> 
     </span>
     <span class='ocr_line' id='line_1_42' title="bbox 268 2632 1723 2682; baseline 0.005 -18"><span class='ocrx_word' id='word_1_370' title='bbox 268 2632 304 2664; x_wconf 90' lang='lat' dir='ltr'><strong>in</strong></span> <span class='ocrx_word' id='word_1_371' title='bbox 336 2632 491 2666; x_wconf 86' lang='lat' dir='ltr'><strong>ecclesia</strong></span> <span class='ocrx_word' id='word_1_372' title='bbox 518 2634 658 2668; x_wconf 88' lang='lat' dir='ltr'><strong>scilicet</strong></span> <span class='ocrx_word' id='word_1_373' title='bbox 696 2635 884 2679; x_wconf 84' lang='lat' dir='ltr'><strong>baptismi,</strong></span> <span class='ocrx_word' id='word_1_374' title='bbox 910 2647 1030 2671; x_wconf 85' lang='lat' dir='ltr'><strong>sacrae</strong></span> <span class='ocrx_word' id='word_1_375' title='bbox 1068 2637 1333 2679; x_wconf 88' lang='lat' dir='ltr'><strong>communionis,</strong></span> <span class='ocrx_word' id='word_1_376' title='bbox 1360 2636 1589 2681; x_wconf 82' lang='lat' dir='ltr'><strong>reliquorum.</strong></span> <span class='ocrx_word' id='word_1_377' title='bbox 1639 2638 1723 2682; x_wconf 88' lang='lat' dir='ltr'><strong>quid</strong></span> 
     </span>
     <span class='ocr_line' id='line_1_43' title="bbox 270 2678 1719 2729; baseline 0.003 -18"><span class='ocrx_word' id='word_1_378' title='bbox 270 2678 431 2721; x_wconf 87' lang='lat' dir='ltr'><strong>pluribus</strong></span> <span class='ocrx_word' id='word_1_379' title='bbox 458 2680 524 2712; x_wconf 87' lang='lat' dir='ltr'><strong>iam</strong></span> <span class='ocrx_word' id='word_1_380' title='bbox 554 2681 673 2715; x_wconf 89' lang='lat' dir='ltr'><strong>verbis</strong></span> <span class='ocrx_word' id='word_1_381' title='bbox 700 2691 788 2725; x_wconf 92' lang='lat' dir='ltr'><strong>opus</strong></span> <span class='ocrx_word' id='word_1_382' title='bbox 815 2682 895 2716; x_wconf 82' lang='lat' dir='ltr'><strong>est?</strong></span> <span class='ocrx_word' id='word_1_383' title='bbox 931 2684 1121 2729; x_wconf 87' lang='lat' dir='ltr'><strong>Gregorius</strong></span> <span class='ocrx_word' id='word_1_384' title='bbox 1148 2684 1238 2717; x_wconf 87' lang='lat' dir='ltr'><strong>enirn</strong></span> <span class='ocrx_word' id='word_1_385' title='bbox 1264 2683 1328 2717; x_wconf 90' lang='lat' dir='ltr'><strong>ille</strong></span> <span class='ocrx_word' id='word_1_386' title='bbox 1353 2684 1391 2717; x_wconf 90' lang='lat' dir='ltr'><strong>in</strong></span> <span class='ocrx_word' id='word_1_387' title='bbox 1426 2683 1611 2728; x_wconf 78' lang='lat' dir='ltr'><strong>theologia</strong></span> <span class='ocrx_word' id='word_1_388' title='bbox 1644 2694 1719 2717; x_wconf 87' lang='lat' dir='ltr'><strong>ma..</strong></span> 
     </span>
     <span class='ocr_line' id='line_1_44' title="bbox 268 2727 1721 2775; baseline 0.003 -17"><span class='ocrx_word' id='word_1_389' title='bbox 268 2735 357 2770; x_wconf 83' lang='lat' dir='ltr'><strong>gnus</strong></span> <span class='ocrx_word' id='word_1_390' title='bbox 385 2727 498 2770; x_wconf 84' lang='lat' dir='ltr'><strong>ipsum</strong></span> <span class='ocrx_word' id='word_1_391' title='bbox 524 2727 611 2761; x_wconf 90' lang='lat' dir='ltr'><strong>illud</strong></span> <span class='ocrx_word' id='word_1_392' title='bbox 636 2728 767 2771; x_wconf 85' lang='lat' dir='ltr'><strong>pascha</strong></span> <span class='ocrx_word' id='word_1_393' title='bbox 793 2729 923 2763; x_wconf 86' lang='lat' dir='ltr'><strong>domini</strong></span> <span class='ocrx_word' id='word_1_394' title='bbox 943 2731 1098 2775; x_wconf 84' lang='lat' dir='ltr'><strong>speciem</strong></span> <span class='ocrx_word' id='word_1_395' title='bbox 1127 2730 1215 2764; x_wconf 86' lang='lat' dir='ltr'><strong>dixit</strong></span> <span class='ocrx_word' id='word_1_396' title='bbox 1241 2741 1333 2773; x_wconf 88' lang='lat' dir='ltr'><strong>esse,</strong></span> <span class='ocrx_word' id='word_1_397' title='bbox 1357 2740 1428 2764; x_wconf 87' lang='lat' dir='ltr'><strong>non</strong></span> <span class='ocrx_word' id='word_1_398' title='bbox 1454 2731 1626 2775; x_wconf 82' lang='lat' dir='ltr'><strong>quomodo</strong></span> <span class='ocrx_word' id='word_1_399' title='bbox 1652 2742 1721 2766; x_wconf 84' lang='lat' dir='ltr'><strong>ve-</strong></span> 
     </span>
    </p>
   </div>
   <div class='ocr_carea' id='block_1_10' title="bbox 1742 0 1786 3138">
    <p class='ocr_par' dir='ltr' id='par_1_11' title="bbox 1742 0 1786 3138">
     <span class='ocr_line' id='line_1_45' title="bbox 1742 0 1786 3138; baseline 0 0"><span class='ocrx_word' id='word_1_400' title='bbox 1742 0 1786 3138; x_wconf 95' lang='lat' dir='ltr'><strong> </strong></span> 
     </span>
    </p>
   </div>
  </div>
 </body>
</html>
