1852 3138
1524 0 1535 13 1
1555 0 1605 21 -fpr,
1717 0 1794 21 31⁴5*

1529 63 1531 65 .
1599 63 1601 65 .
1649 63 1651 66 ,
1727 62 1732 69 ,

1655 83 1660 92 ἰ
1679 81 1687 85 “
1816 83 1820 90 ι

1619 125 1624 141 ⁸

291 158 389 208 378
694 165 987 211 NICEPHORI
1030 163 1334 209 GREGORAE

290 271 644 328 λινδρομὴσαντα.
703 273 938 327 ἀρξαμένου
982 272 1063 326 γὰρ
1093 273 1301 325 βασιλέως
1329 272 1403 315 τοῦ
1436 275 1743 332 Καντὰιιουζη-

292 340 368 380 νοῦ
393 339 552 392 μεταξὺ
583 340 654 394 τῆς
703 335 869 392 ὁμιλίας
912 335 986 382 τόν
1015 339 1233 391 Παλαμᾶν
1273 340 1480 396 ἐπαινεῖν,
1520 339 1602 384 τῶι
1622 341 1744 397 λόγον

291 406 422 456 εὐθὺς
451 403 489 447 οἱ
519 407 626 462 ἄμφ’
659 401 789 447 αὖτὸν
824 403 1068 457 μονάζοντες
1107 399 1258 460 ἄνδρες
1287 407 1361 448 καί
1390 407 1563 462 πλήρεις
1589 410 1743 466 σοφίας

290 471 451 529 ἁπάσης
480 468 588 515 εἶναι
617 472 812 526 οἰόμενοι,
842 469 973 513 αυτόν
1003 487 1048 513 τε
1080 471 1326 525 ἐθαυμαζον
1347 475 1566 527 Παλαμᾶν
1593 474 1666 518 καί
1691 492 1743 518 τα

289 540 447 581 ἐκείνου
480 537 668 593 δόγματα
697 541 820 581 πλέον
852 535 878 593 ἢ
909 536 1011 581 κατά
1046 540 1226 592 βασιλέα
1258 538 1608 597 Καντακουζηνὸν
1639 537 1776 583 ἄντί-5

286 621 430 658 μνουν,
461 605 518 655 ὥς
547 609 683 656 καλῶς
710 607 787 658 μὲν
822 607 932 660 λέγοι
961 621 1057 660 περι
1082 606 1296 660 ἐνεργειῶν
1315 600 1379 648 ὅτι
1408 622 1452 649 τε
1477 621 1645 662 απειροι
1673 611 1744 651 καί
1782 624 1784 626 ·

289 672 488 728 διάφοροι
525 674 604 724 μὲν
645 673 719 728 τῆς
762 674 881 722 θείας
922 674 1068 723 ου’σίας
1108 688 1293 715 ακτιστοι
1339 675 1386 716 δὲ
1425 673 1496 717 καὶ
1535 668 1742 727 drudam,

125 748 150 783 f.
166 749 232 784 157
246 760 276 784 r.
289 738 346 787 ὥς
373 739 509 788 καλῶς
539 739 576 780 δ’
609 733 666 780 αὖ
695 738 766 781 καί
794 742 891 794 περί
932 740 1008 781 τοῦ
1040 741 1084 781 ἐν
1117 738 1328 796 Θαβωρίῳ
1373 741 1428 796 τῷ
1457 724 1545 795 ὄρει
1566 743 1743 795 ,γενομέ-

288 820 361 847 νου
390 804 520 847 πάλαι
560 806 698 862 φωτὸς
734 808 1015 863 ἀποφαίνεται
1055 804 1122 848 ὅτι
1166 821 1206 848 τε
1239 801 1436 851 ἇκτιστον
1480 806 1643 850 κάκεῖνο
1673 810 1746 849 καί

239 868 497 926 θδιάφορος
525 876 598 925 τῆς
627 872 760 928 Ἰησοῦ
790 872 986 928 θεότητος
1015 869 1122 927 ἄλλη
1153 871 1318 927 θεότης.
1349 870 1585 928 α’πηντησεν
1611 872 1744 923 ειῖθύς
1759 876 1802 914 10

288 937 309 978 ὅ
342 939 563 993 Γρηγορᾶς
595 940 812 990 ὀνειδίζων
839 942 926 990 πῶς
957 935 1007 982 ἂν
1034 939 1194 993 εἴποιμι
1220 943 1343 996 σφίσι
1375 941 1448 982 καί
1474 938 1746 993 καθαπτόμε-

285 1019 352 1053 νος
382 1006 455 1058 τῆς
498 1004 678 1059 α’ωρίας,
721 1001 785 1047 ὅτι
816 1007 923 1061 μηδὲ
978 1006 1080 1060 μετὰ
1131 1006 1207 1061 τὴν
1246 1008 1320 1048 τοῦ
1357 1009 1523 1062 κυρίου·
1548 1008 1744 1050 παιδείαν

278 1072 471 1113 ’συνιέναι
502 1069 686 1124 ἔχουσιν,
716 1072 806 1113 οὐδ’
834 1073 966 1123 αἰδώς
993 1090 1055 1122 τις
1086 1073 1243 1116 ἔπεισιν
1275 1071 1340 1116 ὅτι
1372 1072 1603 1126 μοναδικόν
1631 1075 1746 1117 ἐστιν

287 1134 312 1177 ὃ
341 1140 415 1178 νῦν
443 1135 697 1191 περίκεινται
738 1141 911 1195 σχῆμα,
943 1136 1049 1182 ἄλλα
1082 1142 1324 1197 περιφανῶς
1363 1140 1498 1183 αὐτοῦ
1528 1140 1748 1195 καταψεύ-

287 1203 674 1262 δονται,ιῖπᾴδοντα
697 1208 774 1259 μὲν
804 1209 922 1264 αὐτῷ
951 1206 1165 1265 α’πᾴδοντα
1189 1209 1235 1250 δὲ
1263 1209 1318 1264 τῷ
1345 1210 1479 1264 καιρῷ
1507 1205 1744 1264 φθεγγόμε-
1762 1208 1805 1243 15

286 1284 349 1311 νοι
378 1271 452 1312 καί
477 1272 693 1322 παίζοντες
722 1274 767 1315 ἐν
798 1274 849 1314 ου’
875 1278 1076 1322 παικτοῖς.
1135 1275 1183 1314 τό
1213 1289 1255 1315 τε
1290 1276 1372 1329 γὰρ
1402 1276 1547 1328 σχῆμα
1580 1274 1637 1329 μῆ
1666 1273 1749 1328 μό-

286 1352 356 1379 νον
383 1339 597 1391 θεολογεῐν
634 1339 687 1380 ου’
713 1339 985 1394 προστάττει,
1017 1342 1105 1382 ἀλλ’
1147 1342 1246 1382 ου’δὲ
1273 1342 1541 1396 φθέγγεσθαι
1573 1343 1747 1384 δίδωσιν

288 1401 368 1452 ἔξω
400 1404 469 1457 τῆς
500 1403 776 1461 ὀφειλομένης
817 1405 922 1461 πρὸς
966 1405 1066 1448 θεὸν
1103 1406 1340 1464 ὖμνῳδίας,
1371 1403 1628 1461 ἐργάζεσθαι
1668 1410 1747 1462 μὲν

287 1466 362 1511 οὖν
395 1471 465 1512 αἐἰ
492 1476 586 1520 ταῖς
615 1471 765 1525 χερσίν
795 1467 872 1527 ὅση
894 1470 1083 1526 δυ’ναμις.
1141 1474 1214 1515 καὶ
1233 1468 1324 1526 ἅμα
1351 1475 1431 1516 τῶν
1457 1471 1587 1517 πάλαι
1615 1476 1746 1516 θείων

287 1537 478 1591 ἐπεισῆγε
503 1537 743 1592 μαρτυρίας
773 1539 952 1594 ἀνδρῶν,
971 1541 1382 1595 δυσωπητικωτὲρας
1417 1535 1547 1589 οὔσας
1574 1539 1806 1594 ἐκείνας,20

287 1601 411 1644 οἱονεί
435 1619 516 1644 τινι
546 1603 747 1663 πολιᾷ’τὸ
782 1607 1000 1659 αἰδέσιμον
1031 1605 1257 1662 ἐσχηκυίας
1299 1605 1370 1650 διὰ
1399 1605 1474 1663 τήν
1500 1609 1582 1650 τῶν
1609 1605 1749 1650 εἶπόν-

286 1685 368 1711 των
415 1671 566 1726 α’ρετην
594 1687 648 1733 τερ
679 1676 751 1714 καί
797 1672 1078 1728 ἀρχαιότητα.
1148 1674 1352 1727 α’κοιίομεν
1394 1674 1490 1729 γάρ,
1519 1675 1647 1731 φησί,
1678 1676 1751 1717 καί

287 1736 470 1778 Παύλου
501 1739 687 1792 λέγοντος
717 1736 790 1781 “ai
824 1746 965 1795 χεῖρες
994 1734 1121 1782 αὗται
1163 1741 1412 1797 διηκόνησαν
1444 1741 1539 1796 ἐμοὶ
1565 1742 1639 1785 καί
1665 1748 1750 1791 τοῖς

242 1813 269 1847 ’ἵ
288 1801 366 1845 σύν
395 1803 532 1856 ἐμοι’.”
590 1809 842 1861 πολυλογίαν
872 1808 918 1848 δὲ
947 1806 1019 1849 καί
1045 1806 1066 1848 ὃ
1096 1809 1164 1863 τῆς
1193 1810 1424 1864 μοναδικῆς
1444 1809 1653 1858 πολιτείας
1684 1810 1751 1851 δι-

287 1995 421 2039 incepit
445 1995 545 2029 illico
584 1996 643 2040 qui
670 2007 739 2030 una
765 2007 842 2030 cum
870 2007 912 2031 eo
947 1998 983 2031 in
1031 1998 1246 2032 monasterio
1281 2003 1381 2032 erant
1413 1999 1481 2032 viri
1515 2008 1637 2034 omnes
1664 1999 1749 2034 elati

289 2044 448 2077 doctrina
473 2052 536 2076 sua
559 2043 668 2077 multa
698 2045 846 2078 eundem
871 2044 1046 2079 Palamam
1073 2046 1221 2090 eiusque
1235 2046 1396 2090 dogmata
1413 2045 1626 2080 celebrando
1644 2045 1749 2080 etiam

287 2100 408 2134 regem
436 2089 720 2125 cantacuzetum
757 2091 992 2135 superabant,
1035 2103 1139 2137 quum
1173 2092 1274 2126 illum
1310 2092 1592 2136 praeclarissime
1619 2093 1664 2127 de
1692 2094 1750 2127 di-

289 2138 396 2171 vinae
422 2143 570 2171 naturae
595 2138 785 2172 virtutibus
814 2149 904 2182 quae
929 2140 1087 2173 infinitae
1114 2145 1161 2173 et
1173 2140 1293 2173 variae
1319 2145 1438 2174 essent
1463 2140 1498 2173 in
1514 2141 1668 2174 essentia
1693 2141 1750 2175 di-

294 2185 377 2218 vina
403 2185 632 2218 contendisse
659 2185 831 2219 dicerent.
883 2186 1058 2230 Gregoras
1083 2192 1225 2219 autem-
1236 2186 1351 2220 statim
1387 2188 1604 2230 respondens
1630 2188 1750 2221 incre..

292 2232 371 2275 puit
400 2240 461 2264 eos
489 2232 581 2276 quod
606 2243 723 2276 neque
748 2234 917 2276 temporis
942 2244 1060 2278 neque
1085 2233 1334 2267 monachorum
1360 2234 1506 2267 vivendi
1530 2244 1613 2267 usus
1638 2236 1751 2268 ratio-

293 2289 371 2312 nem
401 2277 574 2311 haberent
601 2278 724 2321 ullam,
751 2280 812 2313 sed
842 2281 1064 2323 impudenter
1089 2291 1179 2324 quae
1213 2280 1256 2314 ab
1289 2281 1400 2324 ipsius
1424 2282 1610 2315 sententiis
1633 2281 1752 2315 aliena

292 2330 411 2358 essent
438 2325 668 2359 obtruderent
695 2332 729 2360 et
754 2337 845 2371 quae
878 2328 1028 2370 tempori
1057 2337 1128 2360 non
1157 2328 1338 2361 commoda
1365 2332 1484 2361 essent
1511 2328 1749 2362 exclamarent

294 2377 329 2405 et
353 2371 517 2406 luderent
543 2383 601 2406 res
627 2374 870 2418 gravissimas.
902 2384 980 2407 nam
1006 2380 1140 2417 nostra,
1166 2375 1294 2419 iuquit,
1320 2375 1415 2408 vitae
1439 2375 1529 2408 ratio
1540 2385 1611 2409 non
1637 2375 1751 2410 solum

289 2428 354 2452 nos
389 2424 488 2452 vetat
518 2420 699 2463 disputare
737 2421 780 2454 de
820 2421 926 2455 rebus
964 2421 1094 2455 divinis
1130 2422 1192 2456 sed
1230 2421 1334 2454 etiam
1366 2422 1529 2464 proferre
1565 2422 1751 2466 quidquam

294 2471 437 2509 praeter
463 2467 603 2500 solitam
630 2468 687 2500 dei
714 2467 1006 2502 celebrationem.
1065 2479 1159 2502 nunc
1194 2469 1285 2501 enim
1319 2474 1484 2512 quantum
1520 2469 1599 2503 fieri
1635 2474 1753 2513 potest

296 2512 456 2547 manibus
483 2514 655 2558 agendum
686 2520 749 2548 est.
809 2516 851 2548 ad
890 2515 979 2548 haec
1012 2520 1125 2548 autem
1156 2514 1330 2559 Gregoras
1353 2521 1567 2550 ¹:uinctorum
1593 2516 1752 2550 virorum

292 2560 493 2593 testimonia
519 2560 649 2603 attulit,
678 2572 766 2606 quae
792 2572 878 2596 sane
905 2563 1073 2605 pudorem
1097 2567 1242 2596 movent
1266 2572 1312 2595 ne
1337 2563 1414 2596 seni
1433 2563 1475 2595 de
1495 2563 1630 2596 honore
1647 2563 1753 2607 quid-

303 2616 403 2650 quam
433 2607 637 2640 detrahatur
665 2614 810 2652 propter
837 2619 1036 2643 sermonum
1062 2610 1271 2653 gravitatem
1302 2609 1376 2642 eius
1404 2615 1439 2642 et
1472 2615 1636 2643 aetatem.
1687 2620 1753 2642 au-

303 2654 413 2686 dimus
442 2655 548 2695 enim,
575 2655 702 2699 inquit,
730 2655 872 2689 Paulum
900 2656 1094 2690 dicentem:
1131 2662 1264 2689 ‘manus
1290 2655 1357 2689 bae
1383 2658 1585 2690 servierunt
1607 2655 1692 2689 mihi
1720 2660 1755 2688 et

295 2700 413 2733 sociis
441 2702 560 2735 meis.’
613 2704 911 2737 concertationum
948 2708 1062 2736 autem
1101 2703 1287 2737 verborum
1314 2703 1464 2736 loannes
1498 2704 1601 2737 etiam
1630 2713 1756 2736 mona-

291 2746 435 2781 chorum
462 2748 607 2784 vivendi
633 2750 780 2786 rationis
797 2755 1020 2795 praeceptor,
1057 2760 1224 2785 vanarum
1244 2751 1448 2795 opinionum
1465 2749 1663 2787 cathedram
1679 2758 1758 2786 esse
