1768 3132
157 91 493 203 ,ewulm
520 137 869 184 ΒΥΖΑΜΊΝΑΕ
891 133 1107 182 xxxvii.
1125 113 1376 193 43-4'6.
1458 134 1554 186 553

47 239 224 309 ῥ”ᾖξότου
262 250 474 306 βραχειας
515 247 674 304 ἐκείνης
719 248 762 299 ἐξ
805 246 958 304 οἷλόγου
1009 246 1147 303 φορᾶς
1189 246 1278 289 καὶ
1303 246 1553 303 παραδόξου

41 312 212 373 ;ἇύχης
236 315 468 372 ἐδράξαντο
501 315 716 372 οἷφορμῆς,
741 316 815 371 τῆς
843 330 888 358 τε
922 312 1085 370 δηλαδὴ
1118 315 1202 372 τῶν
1231 315 1351 358 δυοῖν
1373 313 1553 371 Ἀνδρο-

47 393 51 443 {
79 378 208 430 ‚irum
235 383 320 427 τῶν
345 381 560 438 βασιλέων
591 382 866 434 διαστάσεως,
895 384 1058 438 μᾶλλον
1102 383 1140 424 δ’
1184 381 1448 433 ἄποστασίας
1480 383 1556 425 τοῦ

45 443 179 496 ινέου
206 449 315 507 πρὸς
339 447 413 493 τόν
446 450 598 492 οἰκεῖον
625 449 822 500 πάππον,
857 450 931 493 καὶ
970 446 1027 492 αὖ
1054 450 1127 506 τῆς
1159 448 1371 506 δευτέρας,
1402 447 1454 505 ἢν
1486 464 1554 491 τε-

47 517 304 575 ’θνηκότων
331 517 503 560 ἐκείνων
533 516 641 559 κατὰ
670 518 745 560 τοῦ
788 517 885 559 νέου
912 516 1126 572 βασιλέως
1153 516 1227 559 καὶ
1255 519 1329 573 τῆς
1356 518 1430 559 τοῦ
1456 515 1553 559 νέου

81 582 247 642 μητρός
282 583 307 627 ὅ
349 582 705 640 Καντακουζηνὸς
731 586 942 640 κεκίνηκεν
958 617 970 636 ,
1001 586 1288 635 παντοδαποῖς
1314 583 1388 627 καί
1415 583 1554 627 ποικί-

41 653 175 704 Ϊλοις
203 651 343 702 δόλοις
373 652 559 702 ἐκείνους
587 653 667 707 μὲν
694 652 912 708 πρότερον,
941 652 1114 702 τούτους
1138 653 1176 694 δ’
1204 649 1393 708 ύστερον,
1422 652 1555 708 ἐπαγ-

51 766 55 768 ,
81 720 244 780 γελίαις
259 736 304 763 τε
336 717 474 763 ἄλλοι)
505 718 655 770 αλλαις
681 720 927 776 περιιόντες,
960 719 1107 762 οποῖαι
1130 736 1200 762 και
1237 736 1338 762 οσαι
1351 723 1438 770 τοῖς
1466 734 1555 761 τοι-

5 784 18 790 ”
37 817 48 840 ,χ
85 787 222 838 ούτοις
249 786 457 844 ἣρμοττον
491 793 680 844 καιροῖς,
710 790 890 842 βουλαῖς
920 786 1082 844 δηλαδὴ
1123 786 1196 829 καί
1220 786 1441 842 χρήμασιν
1472 785 1556 842 οἶφ-

85 854 343 912 θονωτέροις
371 871 442 898 και
475 855 746 910 συμμαχίαις
770 853 1010 906 οπλιτικαῖς
1040 855 1114 898 καί
1139 854 1343 906 τοιούτοις
1368 853 1419 910 δή
1447 869 1558 896 τισιν

41 967 46 973 ,
87 924 167 982 (ἒῶ
193 920 277 980 γὰρ
300 915 442 979 ’λέγειν
474 923 548 965 καὶ
592 921 684 972 οἵας
713 923 797 977 Α.νέπί
824 921 987 972 τούτοις
1014 922 1254 978 λεληθότως
1296 923 1426 977 δῆθεν
1454 919 1558 963 ὖπέ-

39 1036 47 1043 „
88 1005 243 1049 φαινον
269 987 344 1041 τὰς
376 988 555 1040 ἀπειλὰς
591 993 693 1032 καθ’
740 983 799 1032 ὧν
825 989 853 1045 ἦ
897 987 1035 1031 πειθώ
1062 989 1213 1044 χώραν
1241 989 1370 1032 ἐνίοτε
1403 986 1560 1047 ῥᾳδίαν

86 1056 165 1112 οὔχ
192 1055 405 1116 εὕρισκε),
435 1057 510 1100 καί
539 1058 614 1100 νῦν
658 1058 737 1112 μὲν
763 1055 933 1113 θατέρῳ
975 1056 1306 1112 προστιθέμενοι
1330 1056 1454 1112 μέρει
1485 1055 1559 1099 καὶ

27 1121 40 1165 ζ’·
85 1123 196 1183 πρὸς
221 1125 405 1182 θάτερον
436 1120 566 1175 αὖθις
603 1124 977 1179 ταλαντευόμενοί,
1005 1124 1079 1166 καὶ
1121 1123 1188 1167 dei
1227 1123 1410 1180 θάτερον
1438 1121 1560 1179 παρὰ

35 1187 39 1250 J
86 1192 269 1249 θάτερον
296 1189 534 1247 α’μοιβαδὸν
579 1192 892 1243 ἐξαπατῶντες,
921 1192 1011 1241 πῶς
1047 1191 1127 1245 μὲν
1156 1186 1291 1232 ἑκοντὶ
1320 1191 1410 1240 πῶς
1441 1192 1478 1233 δ’
1511 1189 1559 1231 οὗ

28 1278 32 1304 J
84 1261 201 1316 μάλα
231 1254 379 1310 ἓκοντί,
407 1259 482 1314 τῆς
509 1260 584 1301 τοῦ
609 1260 763 1315 καιροῦ
792 1258 1083 1316 περιστάσεως
1114 1258 1262 1314 πόρρω
1292 1258 1368 1300 τοῦ
1397 1256 1560 1307 δέοντος

38 1318 42 1386 Σ
85 1325 344 1382 ἐλαυνούσης
387 1327 459 1368 τὸν
487 1326 645 1383 δρόμον
689 1328 772 1368 τῶν
803 1326 1038 1382 ἀνηκόντων
1081 1325 1216 1382 λόγων
1246 1324 1320 1367 καί
1349 1323 1559 1380 πράξεων,

87 1393 245 1438 ἔλαθον
273 1391 371 1443 τοὺς
407 1394 589 1444 οἰκείους
633 1392 762 1449 ὅρους
792 1395 836 1436 ἐκ
869 1395 978 1436 πάνυ
1011 1410 1051 1435 τι
1090 1393 1280 1443 εὐτελοῦς
1306 1408 1351 1434 τε
1376 1392 1450 1434 καί
1473 1407 1559 1445 χα-

24 1459 34 1512 j'
86 1459 300 1517 μαιζήλου
345 1461 551 1517 περιοχῆς
591 1459 844 1510 ἐκτειναντές
871 1476 914 1502 τε
951 1461 1025 1503 καί
1065 1460 1362 1515 ὀχυρώσαντες
1394 1459 1560 1514 πρῶτον

28 1557 53 1566 f·
85 1529 166 1584 μὲν
211 1528 394 1579 ξυλίνοις
431 1527 520 1570 τισί
559 1530 752 1584 θριγκοῖς
794 1528 879 1575 nai:
917 1528 1101 1585 τάφροις
1136 1528 1364 1582 βαθείαις,
1415 1525 1561 1569 ἔπειτα

86 1595 271 1649 τείχεσιν
300 1593 482 1651 ὑψηλοῖς
509 1611 554 1637 τε
580 1595 655 1638 καί
686 1595 862 1651 ὀχυροῖς
900 1595 974 1638 καί
1014 1594 1436 1650 δυσανταγωνίστοις.
1493 1594 1560 1635 ἐν-
1575 1597 1651 1631 46

86 1663 238 1704 τεῦθεν
268 1660 509 1718 ὁρμώμενοι
546 1660 642 1712 τούς
688 1663 761 1717 τῆς
805 1662 961 1713 οἰκείας
994 1661 1248 1716 ξπλεονεξίας
1286 1659 1414 1717 ὅρους
1455 1658 1563 1702 κατὰ

80 1728 240 1787 -χοόραν
263 1731 414 1784 [μένειν
458 1729 532 1771 ἐᾶν
579 1728 751 1785 οὐδαμῇ
779 1744 825 1785 γε
872 1727 1132 1785 ἐγνώκεσαν,
1184 1728 1274 1770 ἀλλ’
1304 1728 1373 1783 ἐφ’
1403 1722 1563 1784 ἑτέροις

89 1935 260 1972 tenebant
282 1935 367 1970 inde
394 1934 438 1970 ab
465 1945 508 1969 eo
534 1940 697 1991 tempore
738 1945 808 1980 quo
836 1935 988 1981 exiguae
1012 1934 1112 1969 illius
1148 1945 1195 1970 ex
1219 1934 1369 1969 absurda
1396 1943 1501 1968 causa
1525 1939 1561 1969 et

89 1985 274 2028 inopinato
300 1994 384 2017 casu
412 1988 557 2017 exortae
576 1984 709 2027 primae
726 1984 912 2017 discordae
941 1988 976 2017 et
996 1983 1236 2017 contentionis
1263 1988 1408 2026 apertae
1432 1993 1558 2038 regum

89 2031 270 2066 amborum
295 2031 578 2066 Andronicorum
608 2036 743 2074 partem
771 2031 942 2073 fecerant,
969 2030 1027 2064 vel
1056 2031 1171 2076 potius
1198 2030 1409 2064 rebellionis
1436 2030 1560 2063 iunio-

87 2080 140 2114 ris
166 2083 290 2113 eontra
315 2079 429 2122 ipsum
455 2088 580 2120 avum,
620 2083 655 2112 et
680 2089 801 2111 rursus
836 2078 984 2111 alterius
1018 2088 1121 2123 quam
1151 2078 1296 2111 mortuis
1336 2077 1410 2110 illis
1436 2082 1560 2111 contra

92 2127 259 2160 iuvenum
284 2136 406 2171 regem
433 2131 469 2159 et
493 2127 635 2159 iuvenis
659 2131 804 2159 matrem
832 2126 1100 2160 Cantacuzenus
1126 2130 1298 2166 moverat,
1327 2125 1437 2158 variis
1463 2123 1560 2158 mul-

87 2174 135 2208 tis
161 2178 197 2207 et
221 2174 376 2207 versutis
402 2173 538 2206 artibus
566 2173 649 2206 illos
677 2174 787 2216 prius,
815 2173 880 2206 hos
910 2179 1052 2217 postea,
1083 2178 1118 2206 et
1144 2172 1438 2216 promissionibus
1463 2171 1560 2205 mul..

88 2222 135 2256 tis
161 2214 456 2262 circumiverunt,
484 2220 608 2265 quales
655 2226 690 2253 et
728 2226 880 2264 quantae
916 2221 1134 2264 temporibus
1170 2219 1244 2253 illis
1284 2219 1560 2261 conveniebant,

89 2268 235 2302 scilicet
260 2267 422 2301 consiliis
453 2274 488 2301 et
514 2268 675 2323 pecuniis
701 2273 755 2301 sat
780 2269 916 2312 magnis
951 2273 985 2300 et
1020 2268 1146 2310 opibus
1173 2266 1386 2300 militaribus
1414 2271 1450 2300 et
1477 2266 1559 2300 aliis

89 2315 317 2350 huiusmodi·
306 2338 317 2348 .
341 2315 443 2348 mitto
474 2316 567 2348 enim
593 2315 713 2348 dicere
738 2321 885 2359 quantas
901 2316 937 2348 in
965 2314 1019 2348 his
1034 2315 1123 2348 clam
1144 2315 1254 2347 minas
1270 2314 1423 2347 fecerint
1436 2318 1561 2347 contra

91 2373 178 2408 quas
194 2362 374 2407 persuasis
391 2363 563 2396 interdum
578 2362 668 2395 nihil
686 2362 841 2405 valebat,
867 2368 902 2396 et
925 2372 1012 2406 quas
1034 2373 1129 2395 nunc
1154 2361 1258 2395 alteri
1283 2361 1376 2405 parti
1402 2361 1560 2395 inferre-

34 2420 37 2421 ’
89 2410 187 2452 bant,
213 2420 307 2443 nunc
327 2410 370 2443 ad
399 2409 545 2443 alteram
569 2409 822 2451 devolvebant,
851 2415 885 2443 et
912 2410 1086 2453 quomodo
1114 2409 1285 2443 continuo
1311 2408 1458 2442 alteram
1481 2413 1561 2452 post

95 2457 242 2492 alteram
268 2457 504 2500 decipientes,
535 2457 637 2490 modo
664 2457 708 2490 iis
724 2466 795 2490 non
821 2457 945 2490 invitis
970 2457 1074 2490 modo
1101 2457 1237 2498 invitis,
1264 2466 1370 2501 quum
1390 2455 1561 2499 temporis

71 2505 252 2545 ,rationes
289 2503 400 2538 verba
434 2504 527 2537 ultra
555 2505 691 2537 modum
732 2505 880 2537 audacia
917 2509 952 2537 et
991 2503 1083 2537 facta
1111 2505 1365 2545 admitterent,
1391 2503 1562 2547 paulatim

91 2552 331 2597 possessionis
373 2562 459 2585 suae
497 2553 666 2585 terminos
705 2562 749 2585 cx
783 2556 934 2596 angusto
969 2556 1004 2584 et
1041 2551 1172 2596 exiguo
1203 2551 1336 2584 ambitu
1387 2550 1562 2583 extende-

90 2600 163 2634 rint
188 2604 224 2632 et
247 2599 484 2640 muniveriut,
521 2600 669 2641 primum
696 2599 835 2643 quidem
862 2598 992 2643 ligneis
1019 2600 1130 2642 septis
1165 2603 1200 2631 et
1235 2598 1339 2631 fossis
1364 2597 1562 2641 profundis,

92 2646 221 2681 deinde
255 2655 343 2680 vero
377 2647 484 2679 muris
510 2646 591 2679 altis
628 2651 663 2679 et
688 2647 796 2680 firmis
831 2651 866 2680 et
901 2646 962 2679 vix
1004 2645 1312 2690 expugnabilibus.
1364 2645 1401 2678 in
1427 2643 1482 2677 his
1507 2643 1564 2678 fa-

93 2698 187 2728 ctum
228 2698 282 2727 est
317 2698 356 2726 ut
400 2694 518 2736 cupidi
562 2693 800 2736 possessionis
839 2692 1124 2737 templificandae
1159 2693 1330 2726 terminos
1367 2691 1410 2725 ad
1448 2691 1564 2725 modi-

93 2751 174 2776 cum
208 2740 376 2777 ambitum
403 2741 623 2776 constituere
651 2750 723 2775 non
748 2741 816 2775 iam
845 2741 883 2775 iu
907 2741 1025 2775 animo
1056 2740 1249 2782 baberent,
1288 2738 1350 2774 scd
1383 2737 1455 2773 alia
1484 2742 1565 2784 post

0 2815 3 2828 -
0 2781 6 2795 -η
0 2600 14 2768 ⁷—T-sz-FF
8 2561 10 2566 ,
3 2517 7 2520 ,
11 2492 13 2494 Ι
8 2391 10 2394 v
8 2350 10 2354 .

15 2456 23 2467 κ
