1722 3158
578 891 1217 953 PRAEFATIO.

292 1127 440 1218 Quae
485 1173 610 1207 nunc
644 1155 847 1223 'primum
901 1173 965 1206 ex
1004 1157 1392 1207 bibliothecarum
1441 1157 1635 1209 latebris

119 1281 127 1286 ’
158 1267 332 1334 prodit,
368 1266 527 1331 operis
546 1264 835 1329 Nicephorei
858 1280 967 1329 pars
1001 1271 1234 1329 postrema
1268 1266 1382 1314 satis
1418 1264 1498 1313 diu
1530 1279 1638 1313 ma-

159 1389 269 1424 num
303 1374 539 1440 quaesivit
571 1372 842 1434 liberalem,
873 1388 962 1436 qua
999 1372 1055 1420 ab
1089 1372 1332 1420 oblivione
1359 1371 1639 1420 vindicare-

161 1489 252 1531 tur.
319 1481 601 1545 promiserat
636 1493 736 1526 eam
770 1492 953 1527 manum
988 1479 1236 1539 Boivinus‚
1273 1478 1488 1542 porrexit
1522 1493 1638 1525 aca-

163 1589 313 1638 demia
346 1587 673 1637 Berolinensis
693 1622 708 1648 ,
743 1587 875 1636 cuius
911 1601 1022 1633 cura
1058 1591 1332 1649 sumptuque
1365 1583 1535 1633 factum
1571 1591 1644 1635 est

113 1752 119 1756 ,
164 1703 215 1746 ut
254 1694 365 1744 libri
400 1694 510 1755 duo,
540 1694 757 1743 vicesimi
801 1693 987 1755 quintus
1034 1699 1080 1740 et
1123 1697 1285 1740 sextus
1333 1705 1435 1739 cum
1478 1696 1643 1753 quarto

166 1800 431 1861 dimidiam,
463 1813 528 1847 ex
562 1797 726 1846 codice
760 1796 991 1846 Vaticano
1031 1797 1216 1857 (1095)
1250 1796 1647 1856 describerentur,

166 1905 339 1970 reliqui
375 1919 439 1953 ex
473 1902 822 1953 Parisiensibus
857 1903 1025 1964 Regiis
1074 1902 1233 1961 (1276
1269 1909 1316 1951 et
1350 1903 1536 1964 3075),
1571 1902 1645 1950 illi

167 2011 224 2060 ab
259 2011 468 2062 Henrico
502 2010 727 2071 Brunn0,
764 2008 812 2057 hi
847 2024 874 2055 a
909 2006 1191 2057 Wladimiro
1226 2008 1459 2070 Brunet0‚
1495 2008 1644 2057 doctis

169 2115 432 2168 hominihus
457 2132 514 2166 ac
546 2118 788 2179 negotium
823 2130 954 2166 suum
998 2115 1199 2164 fideliter
1235 2115 1486 2164 exsecutis.
1557 2129 1647 2163 co-

170 2226 266 2274 dex
283 2223 539 2275 Vaticanus
563 2222 838 2273 chartaceus
875 2238 980 2273 esse
999 2222 1287 2287 perhibetur,
1322 2221 1485 2271 seculo
1521 2221 1649 2270 scri-

171 2337 277 2396 ptus
324 2330 504 2379 decimo
565 2335 731 2393 quarto
788 2330 870 2380 vel
921 2331 1108 2393 quium,
1157 2328 1368 2378 manibus
1421 2326 1648 2392 pluribuS‚

170 2435 308 2484 modo
363 2435 614 2498 diligenter
654 2435 793 2483 modo
846 2450 998 2485 secus.
1080 2436 1138 2484 de
1184 2434 1442 2483 Parisiensi
1489 2433 1649 2496 priore

174 2544 340 2592 scitum
374 2549 448 2592 est
476 2541 601 2606 quod
635 2541 777 2591 tradit
810 2541 1059 2592 Brunetus.

361 2633 439 2676 Les
478 2633 605 2675 livres
645 2633 893 2687 historiques
938 2634 992 2676 28
1023 2638 1064 2675 et
1105 2634 1159 2676 29
1188 2638 1229 2674 et
1271 2634 1335 2674 les
1364 2633 1648 2689 dogmatiques

312 2703 349 2755 1,
377 2701 404 2744 3
425 2706 465 2743 et
482 2699 512 2743 4
541 2706 634 2743 sont
659 2700 778 2743 d’une
810 2702 987 2743 ecriture
1015 2700 1170 2755 rapide,
1203 2706 1407 2753 correcte,
1439 2702 1541 2743 mais
1569 2713 1650 2755 peu

308 2768 515 2824 reguliere
549 2773 589 2810 et
618 2774 792 2811 souvent
821 2768 987 2810 difficile
1014 2770 1037 2809 a
1065 2768 1157 2810 lire.
1219 2768 1276 2810 Ge
1303 2771 1412 2810 n’est
1442 2769 1649 2810 certaine-

311 2841 422 2879 ment
459 2848 531 2891 pas
575 2837 784 2881 l'ecriture
826 2836 920 2881 d'un
951 2836 1201 2894 calligraphe
1245 2836 1297 2881 de
1321 2835 1576 2893 profession,
1608 2839 1651 2878 et
