1826 3120
281 191 349 239 86
433 213 442 219 ‘
681 196 977 241 NICEPHORI
1018 196 1321 240 GREGOR'AE

279 306 471 360 νήθησαν
503 310 594 354 ταῖς
626 306 697 360 τῆς
720 305 1012 358 Προποντίδος
1040 305 1399 359 προσεληλυθέναι
1433 300 1590 359 νήσοις,
1618 305 1737 348 δυοῖν
1787 294 1795 332 ss

280 373 456 415 δέουσαι
485 367 788 426 ἐβδομήκοντα,
818 372 895 412 τοῦ
924 369 1082 424 χρόνου
1111 371 1336 425 τηνικαῦτα
1364 370 1440 421 τοὶς
1465 373 1543 414 τοῦ
1571 374 1738 426 χειμῶ-

280 453 348 487 νος
375 439 578 492 ἐσχατιὰς
618 439 928 492 παραθέοντος,
961 436 1034 479 καί
1074 439 1298 489 μέλλοντος
1338 434 1437 480 ὅσον
1467 438 1632 480 addeum
1661 437 1738 487 τοὶς
1792 447 1794 450 ’

281 505 352 559 τῆς
383 506 528 559 η’ρινῆς
565 505 786 558 ἰσημερίας
815 503 1004 556 ἄνι’σχειν
1045 500 1215 557 τροπάς.
1284 502 1460 559 κάπειδὴ
1493 502 1621 558 λιμὴν
1649 510 1740 554 ταῖς

281 570 420 625 νήσοις
452 568 627 618 ἐκείναις
656 569 731 609 οὐκ
753 563 801 623 ἦν
833 569 1002 627 ου’δαμῇ
1021 567 1203 628 τοσούτῳ
1234 568 1369 629 στόλῳ
1395 568 1628 625 προσήκων,
1658 578 1773 623 prs-5

107 641 134 676 f.
149 641 215 677 115
231 636 430 690 1).τέωροι
454 638 738 691 νυχθημέροις
765 637 886 676 δυσίν
904 638 967 677 ἐπ’
984 638 1175 690 α’γκυρῶν
1192 636 1393 679 ἐσάλευον
1408 634 1568 679 ἅπασαι
1586 637 1739 679 Ἰποὶνυ

278 719 318 744 τι
350 704 615 759 πλημμελῶς,
645 704 721 743 τοῦ
751 717 794 743 τε
828 701 1015 755 κύματος
1038 702 1227 744 κάτωθεν
1260 703 1538 758 οἷνοιδοῧντος,
1565 705 1638 747 καί
1665 707 1741 746 τοῦ

277 768 508 822 πνεύματος
534 769 701 824 ουδαμῇ
745 785 809 809 πω
851 767 1007 824 λήξεως
1043 770 1324 824 μεμνημένου.
1385 764 1423 824 ,ἦ
1451 769 1534 825 γάρ
1565 765 1618 812 ἂν
1647 771 1741 834 ἐνῆν

276 852 344 877 και
375 837 645 883 Γεννουι’ταις
674 834 745 877 ἐπι
771 837 885 916 σφᾶς
912 834 1111 891 ἐξαίφνης
1142 838 1435 889 πλευσεῖσθαι,
1454 837 1588 879 πάλαι
1617 852 1740 879 τουτο

276 904 507 957 μελετηθέν
539 904 684 957 αὐτοῖς
714 920 781 944 και
818 905 1172 958 παρασκευασθὲν
1217 906 1518 956 κεκοπωμένοις
1541 906 1800 948 §uetant-10

193 974 368 1013 βοσεΐν
395 967 499 1010 κατά
546 971 616 1011 τὸν
659 968 885 1011 α’τοὶπλουν.
955 968 1028 1010 καί
1064 970 1200 1011 ταῦτα
1240 972 1319 1022 μὲν
1363 970 1476 1026 τῇδέ
1501 987 1559 1028 πῃ
1593 967 1738 1024 ἔσχεν·

264 1037 366 1078 Υἀλλ’
398 1034 620 1090 ἐπειδήπερ
665 1038 740 1076 οὐκ
786 1030 835 1090 ἧν
876 1038 916 1084 ἐς
953 1039 1078 1077 πλέον
1119 1037 1209 1084 οὐδ’
1249 1012 1451 1079 ἐνταυθοῖ
1487 1039 1739 1093 καθημένοις

276 1100 464 1160 θαλάττῃ
511 1105 583 1145 καί
622 1102 780 1156 κύμασι
819 1101 1039 1156 μάχεσθαι
1078 1105 1150 1144 καί
1192 1102 1398 1156 πνεύματι
1438 1105 1736 1160 τραχυνομὲνῳ

278 1171 475 1225 διηνεκῶς
496 1203 507 1224 ,
541 1166 716 1225 ἄραντες
736 1172 898 1212 ἐκεῖθεν
926 1175 1104 1222 τριταῖοι
1133 1171 1231 1223 περί
1255 1171 1398 1225 δείλην
1426 1169 1556 1223 ὄψιάν
1585 1167 1739 1227 κατῄε-
1783 1171 1788 1177 ’

276 1251 356 1277 σαν
401 1237 536 1292 η’ρέμα
578 1236 648 1278 καί
694 1238 925 1292 μοχθηρῶς
964 1239 1006 1285 ἐς
1054 1235 1126 1279 τὸν
1167 1238 1250 1279 τῶν
1291 1237 1535 1288 Βυζαντίων
1574 1237 1736 1289 λιμένα.
1755 1242 1796 1278 15

277 1298 470 1355 κατ’,ἅμα
497 1303 685 1359 τριήρεις
715 1305 911 1344 ἐντεῦθεν
942 1301 1051 1344 ὀκτώ
1081 1303 1334 1357 ἀναχθεῖσαι
1370 1302 1606 1356 Ῥωμαϊκαί
1635 1318 1739 1344 συν-

278 1371 476 1425 διέφερον
522 1367 598 1424 τῆν
640 1370 885 1425 καταγωγήν
924 1373 996 1412 καί
1026 1370 1331 1424 συνεκρότουν,
1375 1367 1639 1424 προάγουσαι
1669 1370 1742 1411 καί

274 1437 623 1491 χειραγωγοῦσαι.
695 1435 800 1478 ἀλλὰ
844 1438 942 1491 πρίν
980 1433 1178 1490 ἅψασθαι
1219 1437 1320 1490 γῆς,
1359 1434 1628 1478 ἐπιπλέουσιν
1672 1438 1738 1487 ἐξ..

278 1503 429 1559 αι’φνης
459 1503 612 1552 αὐταῖς
644 1502 686 1545 αἱ
720 1503 1012 1546 Γεννουιτικαί
1036 1502 1235 1557 τριήρεις,
1266 1502 1580 1559 ἐφεδρεύουσαι
1610 1502 1742 1544 πάλαι

278 1570 411 1610 πολύν
444 1585 537 1611 τινα
570 1570 740 1625 χρόνον.
799 1571 872 1612 καί
901 1573 1049 1624 πρῶτα
1077 1572 1156 1623 μὲν
1184 1570 1369 1624 τριήρεις
1390 1569 1798 1624 ταχυναυτούσαςῖθ

276 1634 433 1677 σύνδυο
476 1638 550 1677 καί
592 1634 783 1695 σύντρεις
824 1636 868 1678 ἐκ
918 1638 1201 1691 διαστήματος
1240 1638 1283 1685 ἐς
1332 1633 1527 1691 πρύμναν
1574 1637 1742 1678 ἐκείνων

277 1702 578 1756 προύπεμψαν,
604 1700 777 1745 κᾶπειτα
808 1706 1152 1759 ἐσπουδασμένην
1190 1703 1282 1745 τινὰ
1315 1705 1388 1745 καί
1413 1705 1548 1756 μάλα»
1561 1718 1600 1745 τι
1629 1702 1742 1760 σφό-

277 1770 359 1822 δρα
389 1767 563 1811 κατόπιν
594 1771 731 1821 ὄξεῖαν
773 1769 817 1812 αἱ
858 1773 991 1812 πᾶσαι
1026 1769 1101 1826 τήν
1141 1769 1294 1826 ἔφοδον
1340 1770 1581 1824 ἐποιοῦντο,
1613 1769 1669 1819 ὥς
1698 1772 1740 1819 ἐς

278 1834 462 1890 ἀνάγκας
494 1836 603 1878 ἰέναι
633 1837 892 1890 Βενετικούς,
921 1837 1070 1892 καίπερ
1114 1833 1222 1878 οὕτω
1250 1839 1567 1890 κεκοπωμένους
1596 1838 1669 1879 καί
1695 1837 1738 1878 έν

277 2036 358 2060 sere
378 2025 517 2070 placido
549 2030 666 2059 austro
691 2026 792 2059 initio
820 2027 959 2071 quidem
978 2026 1097 2068 flante,
1120 2031 1264 2070 postero
1291 2026 1348 2060 die
1374 2031 1489 2060 autem
1515 2036 1628 2071 usque
1651 2027 1740 2061 adeo
1790 2024 1791 2027 ’

278 2073 579 2114 increbrescente,
599 2078 637 2106 ut
656 2084 763 2118 aegre
783 2074 825 2107 ad
846 2073 980 2107 insulas
993 2073 1216 2116 Propontidis
1235 2083 1311 2106 cum
1330 2074 1516 2118 sexaginta
1535 2079 1616 2108 octo
1634 2075 1741 2108 navi-

278 2120 343 2153 bus
364 2121 555 2163 pervenire
571 2126 716 2163 possent
733 2126 884 2155 exeunte
910 2120 1026 2154 hieme
1047 2126 1082 2153 et
1097 2121 1322 2164 aequinoctio
1341 2131 1453 2154 verno
1471 2121 1609 2155 iamiam·
1627 2131 1740 2165 appe-

278 2172 388 2200 tente.
417 2177 521 2211 quum
540 2177 627 2200 vero
647 2173 782 2210 portus,
803 2170 860 2212 qui
884 2173 1012 2201 tantam
1037 2167 1184 2200 classem
1210 2177 1338 2210 capere
1356 2173 1489 2211 posset,
1516 2168 1589 2202 illis
1614 2168 1740 2202 insulis

277 2223 349 2247 non
377 2219 483 2255 esset,
502 2224 565 2257 per
590 2214 735 2247 duorum
757 2216 891 2248 dierum
908 2215 1135 2258 noctiumque
1153 2215 1302 2258 spatium
1328 2215 1364 2247 in
1386 2215 1457 2248 alto
1483 2224 1606 2249 ornnes
1629 2226 1740 2249 naves

277 2266 413 2294 temere
429 2285 438 2302 ,
466 2263 501 2294 in
528 2262 667 2295 ancoris
694 2261 897 2303 fluitabant,
925 2262 1031 2295 fluctu
1059 2261 1101 2294 ab
1127 2262 1196 2294 imo
1222 2262 1480 2295 intumescente
1505 2273 1623 2307 neque
1646 2268 1740 2296 tem-

278 2313 417 2352 pestate
442 2318 593 2352 unquam
621 2309 838 2342 considente.
866 2309 943 2342 fieri
971 2309 1073 2342 etiam
1099 2309 1224 2351 potuit,
1245 2313 1289 2341 ut
1316 2309 1522 2342 Genuenses
1547 2310 1740 2354 derepente

279 2356 315 2388 in
345 2364 406 2388 eos
434 2366 572 2389 cursum
599 2355 844 2398 intenderent,
879 2357 938 2400 qui
977 2356 1044 2388 iam
1078 2355 1138 2388 diu
1175 2355 1210 2388 id
1248 2355 1400 2399 agebant
1424 2361 1529 2400 atque
1557 2357 1738 2400 parabant,
1792 2356 1793 2359 ’

279 2407 317 2434 ut
343 2411 405 2436 cos
447 2403 540 2436 inter
575 2403 811 2447 navigandum
849 2403 1062 2447 defatigatos
1097 2402 1330 2436 adorirentur.
1390 2402 1479 2436 haec
1517 2404 1656 2448 quidem
1682 2414 1740 2437 res

280 2449 332 2482 sic
361 2459 400 2482 se
427 2449 503 2482 fere
530 2449 692 2483 habebat.
744 2461 848 2494 quum
874 2459 961 2484 vero
988 2450 1079 2483 haud
1104 2450 1235 2483 diutius
1271 2460 1347 2482 cum
1375 2450 1462 2482 mari
1488 2456 1594 2495 atque
1608 2449 1739 2484 sflucfi-

279 2496 344 2529 bus
365 2520 375 2537 ,
403 2499 622 2540 tempestatis
648 2498 684 2531 vi
709 2507 779 2530 non
805 2498 1019 2538 remittente,
1047 2496 1242 2530 conflictari
1269 2501 1424 2540 possent,
1452 2498 1592 2531 ancoris
1617 2497 1739 2532 subla-

281 2543 325 2576 tis
355 2543 437 2575 inde
463 2545 625 2587 provecti
652 2545 758 2578 tertio
785 2545 841 2577 die
868 2544 931 2578 sub
967 2554 1152 2587 vesperam
1191 2544 1289 2577 tarde
1316 2549 1422 2587 atque
1456 2554 1565 2589 aegre
1590 2545 1626 2578 in
1652 2554 1739 2589 por-

282 2594 353 2622 tum
378 2589 613 2632 Byzantinum
638 2591 865 2636 navigabant,
894 2597 975 2625 octo
1002 2589 1201 2624 triremibus
1227 2591 1392 2624 Romanis
1418 2591 1588 2625 trahendo
1614 2597 1650 2625 et
1672 2592 1738 2626 du..

283 2636 395 2669 cendo
425 2638 611 2681 appulsum
637 2639 671 2672 in
698 2644 835 2682 portum
859 2639 1104 2672 adiuvantibus
1129 2643 1164 2671 et
1182 2637 1462 2672 sublevantibus.
1481 2649 1603 2672 verum
1620 2639 1739 2682 prius-

282 2693 385 2727 quam
412 2684 656 2727 appellerent,
684 2687 846 2719 triremes
881 2687 1085 2720 Genuenses
1119 2685 1186 2718 iam
1212 2686 1270 2718 diu
1308 2686 1352 2719 iis
1379 2685 1565 2720 insidiatae
1590 2691 1738 2729 repente

283 2730 508 2774 adnavigant.
569 2738 676 2787 atque
709 2733 857 2776 primum
894 2733 1032 2777 quidem
1067 2732 1239 2787 expeditis
1267 2732 1417 2766 navibus
1450 2733 1542 2766 binis
1568 2738 1603 2766 et
1626 2733 1737 2766 ternis

283 2788 326 2810 ex
355 2776 547 2813 intervallo
575 2780 609 2813 in
638 2790 773 2825 puppes
804 2790 923 2814 eorum
948 2780 1149 2824 praemissis
1180 2789 1256 2813 cum
1282 2780 1442 2814 omnibus
1467 2779 1619 2815 navibus
1644 2780 1738 2813 omni
1764 2807 1780 2833 ἵ,
