1826 3120
210 137 537 231 fumosus
573 161 921 236 BYzAnnNAi:
942 165 1131 209 xxvlu.
1155 153 1404 211 59-61.
1485 164 1583 210 217

55 309 59 312 .
109 266 237 327 ὅμοια
269 272 391 329 δρᾶν,
416 274 492 315 καί
519 272 589 315 αἐἰ
618 271 718 322 τούς
747 269 840 329 ἑξῆς
858 290 869 303 ·
919 270 1030 328 ταχυ
1054 275 1172 328 μέντ’
1202 270 1254 316 οἳν
1276 276 1336 324 εἰς
1364 274 1473 331 οἶέρα
1501 279 1582 329 βα-
1607 297 1610 299 ·
1655 292 1664 299 “

115 339 202 383 θῦν
233 340 258 396 ἧ
300 340 376 396 τῆς
408 338 564 397 φλογός
607 341 937 397 α’ναρριπισθειή
967 339 1158 399 κορυφή,
1187 340 1419 399 ταχύτερον
1456 345 1497 386 δ’
1524 339 1583 386 αὖ

109 405 186 463 τῆν
235 407 370 466 κύκλῳ
412 409 487 464 γῆν
514 406 771 464 περιδράμοι
827 410 1021 466 αἰθερίου
1070 412 1170 460 τέως
1209 413 1583 468 συνεφαπτομένου

28 482 51 527 ξ
111 473 373 528 πνεύματος·
442 477 496 518 ου’
534 473 616 531 γάρ
651 475 810 532 ἀνάγκη
838 479 923 532 πῦρ
955 475 1000 519 ἐκ
1040 480 1141 531 μιᾶς
1172 476 1284 528 τινὸς
1316 477 1586 522 ἀναστέλλειν

25 530 53 602 ,Ξ
77 544 261 595 ὁοίκίας,
293 543 386 585 ἄλλ’
417 543 577 599 α’νάγκη
607 541 729 585 πόλιν
757 540 856 599 ὅλην
886 541 1040 594 αὐταῖς
1071 545 1222 595 οἰκίαις
1252 544 1325 588 καί
1350 552 1492 596 στοαῖς
1510 547 1583 600 ἑμ-

31 602 45 619 ”’
111 612 274 666 πιπρᾶν
303 611 350 673 ἐκ
378 613 455 654 τοῦ
484 609 642 670 ῥᾴστου
670 610 775 664 μετά
808 613 891 654 τῶν
911 614 1228 655 συνοικούντων.
1289 609 1403 656 οὕτω
1434 612 1486 669 δὴ
1515 613 1589 655 καί

111 682 202 728 τοῖς
230 677 460 732 ὄψιγόνοις,
491 678 533 720 εἰ
556 677 663 733 μήτε
695 676 746 720 τά
780 681 976 734 πατέρων
1007 678 1252 734 ἐγκλήματα
1296 682 1586 735 διορθοῦσθαι

72 797 84 804 ἢ
113 747 342 802 πειρῷντρ,
368 743 478 788 α’λλά
511 745 584 788 καί
619 751 946 799 προσεπαντλεῖν
987 746 1261 800 α’ναγκάζοιεν
1301 742 1480 790 ἄλλοθεν
1507 742 1588 790 άλ-

111 814 212 861 λους
239 805 350 854 ἄλλα
394 810 568 854 κατόπιν
616 810 916 867 ἁμαρτήμασιν
956 811 1251 867 ἁμαρτήματα
1284 818 1481 865 παλαιοῖς
1511 818 1586 857 νέα

54 889 100 926 10
113 880 188 922 καὶ
213 885 395 934 μακροῖς
424 882 596 934 μέτροις
624 882 760 933 μείζω
793 895 838 921 τε
868 880 941 921 καί
964 877 1213 935 βαρύτερα,
1243 885 1380 923 νοσεῖν
1411 880 1587 938 ἀνάγκη,

112 947 187 989 καί
211 943 319 988 κατά
350 946 396 989 τὸ
429 944 634 1001 α’νάλογον
668 952 751 998 τοῖς
783 945 978 1003 ἐσχάτοις
1022 949 1173 996 δεινοῖς
1206 948 1276 990 αἐἰ
1306 952 1587 1003 περιπίπτειν,

111 1014 187 1056 καί
208 1014 314 1070 μηδ’
351 1013 552 1056 α’ναπνεῖν
593 1016 836 1069 ἐλευθέριον
868 1016 1112 1069 δύνασθαι,
1160 1016 1252 1057 ἄλλ’
1293 1017 1471 1057 ἐοικέναι
1502 1033 1589 1065 πως

111 1078 285 1132 ἐκείνοις
305 1080 351 1125 οἳ
373 1083 702 1141 περιπνευμονίᾳ
733 1084 807 1124 καί
834 1080 974 1141 ὑδέρῳ
992 1086 1293 1140 συνισχημένοι
1320 1085 1456 1137 βαθεῖ
1468 1084 1590 1138 βίους

113 1144 238 1199 ὅλους
269 1146 363 1199 ἑνὸς
394 1147 585 1192 θανάτου
611 1148 768 1208 ῥᾳδίως
799 1147 1039 1202 άλλάξαιντ’
1071 1146 1140 1193 ἄν.

57 1222 102 1260 15
255 1218 311 1260 Τι’
335 1217 478 1260 τοίνυν
516 1219 590 1259 καί
629 1216 683 1260 σὺ
722 1216 828 1271 μετά
868 1218 945 1260 τοῦ
974 1218 1136 1274 πατρὸς
1176 1218 1275 1269 τούς
1312 1221 1396 1262 τῶν
1428 1220 1587 1261 οἰκείων
1602 1230 1676 1264 61

112 1284 434 1341 ἁμαρτημάτων
462 1280 702 1338 Ὀλύμπους
730 1288 803 1328 καί
822 1285 1089 1340 Παρνασούς
1116 1290 1473 1344 παρατρέχοντες,
1505 1288 1591 1329 πᾶ-

114 1367 184 1394 σιν
215 1352 456 1409 ὀφθαλμοῖς
496 1353 538 1402 ἐς
567 1351 668 1402 τούς
699 1352 976 1408 προγονικούς
1019 1354 1202 1409 ὀρόβους
1231 1356 1489 1409 ἐμβλέπετε,
1520 1353 1595 1395 καί

115 1413 196 1462 οὔκ
236 1419 415 1475 α’πάγειν
454 1419 548 1462 «εἶδ’
586 1421 658 1462 έπί
694 1418 838 1477 βραχύ
884 1419 954 1463 τὸν
983 1423 1079 1463 νοῦν
1110 1423 1272 1464 ἐκεῖθεν
1309 1419 1592 1478 βεβούλησθε,

119 1489 213 1532 οὐδ’
244 1489 517 1544 ἐπιστρέφειν
566 1488 649 1542 ὀψὲ
677 1486 749 1530 καί
774 1488 880 1542 πρὸς
929 1486 1124 1537 ἑαυτούς.
1186 1488 1364 1544 α’ρίθμει
1395 1487 1477 1544 γάρ
1496 1521 1508 1541 ,
1555 1489 1596 1530 εἰ

57 1555 291 1612 ἳθβοιῗλει,
329 1555 488 1610 μικρὸν
513 1556 596 1597 τῶν
642 1558 716 1611 τῆς
750 1555 926 1611 οἰήσεως
958 1555 1154 1606 ὑπανιείς
1183 1555 1396 1613 ὀφρύων,
1438 1556 1485 1598 τά
1518 1557 1590 1598 νέα
1607 1561 1630 1596 f.
1651 1559 1718 1596 116
1731 1569 1769 1597 v·

114 1625 244 1668 ταυτί
290 1622 365 1665 καί
394 1622 607 1678 ὑμέτερα,
652 1626 723 1665 καί
752 1625 977 1678 παρατίθει
1020 1628 1107 1673 τοῖς
1145 1626 1230 1667 τῶν
1260 1622 1477 1679 προγόνων
1507 1641 1591 1666 πα-

117 1692 353 1743 λαιοτέροις
385 1686 547 1732 ἅπασι·
605 1692 677 1731 καί
706 1685 808 1743 ὄψει
855 1692 1033 1732 τοσοῦτο
1071 1690 1289 1746 βαρύτερα
1321 1692 1395 1733 καί
1423 1694 1591 1732 πολυει-

119 1758 295 1813 δέστερα
341 1754 394 1800 τά
442 1755 629 1812 ὑμέτερα
676 1753 774 1799 ὅσον
818 1757 843 1813 ἧ
893 1760 1040 1813 στείρα
1076 1759 1150 1800 καί
1178 1756 1386 1812 παράλιος
1413 1758 1592 1812 ψάμμος

117 1821 277 1871 ἅπασα,
295 1824 402 1880 πρὸς
443 1825 488 1866 ἓν
523 1820 810 1879 ἀθροισθεῖσα
852 1824 986 1880 βάρος
1033 1827 1192 1881 μικροῦ
1231 1823 1346 1875 τινὸς
1382 1825 1589 1881 ὑπερέχει

58 1893 286 1947 25δίσκου,
313 1890 473 1941 ὁποίοις
501 1891 635 1934 πάλαι
666 1894 737 1934 καί
776 1890 814 1934 οἱ
843 1893 887 1934 ἐν
924 1892 1167 1946 Ὀλυμπίοις
1197 1894 1387 1948 ἐχρῶντο
1421 1890 1594 1935 δισκεύ-

118 1972 231 2008 οντες
255 1972 299 2000 τε
328 1956 403 2000 καί
429 1956 770 2014 τό,παγκράτιον
803 1958 1116 2013 ἐξασκούμενοι.

28 421 54 454 qe}

119 2094 204 2129 cilio
233 2093 403 2128 flammam
430 2105 627 2140 esurgere,
661 2096 722 2130 sed
751 2101 860 2130 totam
884 2096 1008 2130 urbem
1036 2107 1114 2130 cum
1149 2096 1311 2130 omnibus
1336 2097 1526 2131 domiciliis
1556 2101 1594 2130 et

119 2141 258 2176 civibus
285 2141 458 2176 facillime
485 2143 657 2177 comburi.
710 2144 760 2177 ita
786 2149 821 2177 et
847 2144 980 2178 liberos
1007 2146 1036 2178 si
1061 2154 1131 2178 non
1158 2149 1295 2188 patrum
1322 2145 1592 2178 criminationes

117 2189 257 2224 diluere
283 2190 438 2232 student,
463 2191 526 2224 sed
553 2197 700 2236 peccata
729 2191 811 2225 aliis
841 2192 924 2233 alia,
952 2192 1136 2226 veteribus
1158 2202 1266 2236 nova,
1295 2192 1445 2226 modicis
1473 2197 1508 2226 et
1533 2192 1592 2226 le-

118 2237 222 2271 vibus
247 2237 382 2271 maiora
409 2238 514 2271 etiam
541 2244 577 2272 et
602 2241 771 2283 graviora
796 2239 947 2281 addunt,
987 2245 1176 2284 aegrotare
1204 2250 1357 2274 necesse
1383 2246 1450 2282 est,
1481 2241 1531 2273 ita
1555 2245 1595 2273 ut

0 2297 1 2308 ¹
117 2285 155 2318 iu
181 2290 355 2319 extremas
381 2295 523 2330 semper
547 2287 709 2321 miserias
736 2287 894 2320 incidant
920 2297 986 2321 nec
1005 2287 1118 2320 libere
1144 2288 1324 2331 respirare
1350 2289 1503 2332 possint,
1531 2287 1593 2321 sed

0 2310 1 2352 ¹
118 2331 254 2366 similes
278 2332 468 2366 videantur
486 2343 620 2375 eorum,
641 2336 702 2380 qui
720 2334 924 2379 pulmonum
944 2334 1197 2368 inflmmatione
1223 2341 1258 2369 et
1275 2346 1389 2381 aquae
1407 2335 1594 2369 intercutis

0 2386 1 2391 ¹
43 2413 54 2416 ,
116 2379 240 2413 morbo
261 2379 434 2424 implicati
454 2391 531 2414 cum
547 2381 655 2427 longa
681 2384 753 2416 vita
776 2388 923 2416 mortem
939 2383 1084 2417 brevem
1103 2382 1210 2417 facile
1230 2389 1445 2417 commutare
1466 2382 1594 2416 velint.

233 2437 343 2481 *Quid
361 2439 472 2483 igitur
498 2440 577 2483 ipse
603 2446 641 2474 tu
669 2447 704 2475 ct
730 2447 832 2485 pater
856 2447 937 2475 tuus
962 2443 1157 2476 innumeris
1182 2442 1387 2476 domesticis
1413 2440 1487 2474 illis
1515 2451 1593 2474 ma·-

118 2484 247 2519 1eficiin
272 2488 538 2529 praetermissis
562 2489 656 2522 omni
693 2489 878 2523 oculorum
906 2489 1029 2523 obtutu
1068 2490 1205 2533 patrum
1232 2490 1392 2523 facinora
1415 2488 1594 2532 inspicitis

116 2542 186 2566 uec
212 2532 297 2566 inde
322 2539 490 2569 avertere
515 2537 666 2581 animum
704 2548 751 2570 ne
777 2537 950 2570 tantulum
990 2537 1129 2582 quidem
1164 2537 1275 2571 vultis
1313 2542 1348 2570 et
1381 2536 1520 2570 tandem
1550 2535 1593 2568 ad

118 2588 185 2613 vos
211 2579 309 2623 ipsos
339 2582 579 2617 convertere?
618 2594 785 2617 enumera
822 2585 914 2617 enim
941 2586 971 2618 si
1006 2584 1108 2618 voles
1132 2586 1310 2619 deminuta
1334 2582 1592 2628 aliquantulum

120 2627 229 2660 animi
253 2627 448 2663 insolentia
473 2639 571 2665 nova
598 2631 686 2665 hacc
718 2638 836 2665 vestra
873 2643 950 2666 cum
978 2634 1135 2677 peccatis
1162 2632 1345 2667 veteribus
1372 2631 1447 2665 illis
1474 2631 1592 2664 omni-

117 2673 184 2707 hus
214 2681 418 2719 comparata
451 2683 486 2711 et
511 2679 650 2713 videbis
686 2685 781 2713 tanto
809 2681 976 2724 graviora
1012 2685 1047 2713 et
1075 2680 1256 2714 crebriora
1297 2685 1430 2722 vestra,
1460 2683 1591 2724 quanto

125 2722 250 2756 carina
279 2728 314 2757 et
326 2734 434 2758 arena
454 2727 592 2760 marina
616 2728 653 2760 in
680 2738 785 2760 unum
806 2734 1023 2772 congregata
1044 2733 1234 2772 exsuperat
1253 2729 1419 2774 exiguum
1446 2727 1593 2770 discum,

117 2778 193 2815 quo
220 2769 308 2805 olim
340 2772 396 2807 usi
422 2777 504 2807 sunt
529 2775 589 2819 qni
615 2774 781 2819 Olympia
807 2776 1000 2810 certamina
1027 2776 1253 2811 exercebant.
