1826 3120
260 170 356 222 330
656 176 951 219 mcEPflom
992 174 1298 219 GREGORAE

259 282 468 339 τοσαύτης
507 285 652 332 κακιάς
690 286 740 340 τῇ
769 285 848 323 τοῦ
879 285 1072 338 Χριστοῦ
1102 280 1281 337 γεγονώς
1327 283 1543 342 ἐκκλησίᾳ,-
1574 282 1630 328 σῦ
1658 285 1716 340 δ’,

259 349 301 395 εἰ
322 349 481 404 βούλει,
511 347 824 405 καινοφαὶνησον
853 347 925 403 ἔτι,
956 346 1148 404 καθάπερ
1181 348 1381 392 α’κτίστων
1410 349 1548 405 ἐσμὸν
1569 351 1718 407 esord-

259 433 358 470 των,
389 412 499 461 οὕτω
526 418 599 458 καί
623 419 771 471 τέχνην
817 409 980 471 καινήν.
1055 415 1188 467 ἔξεστι
1229 414 1309 471 γάρ
1341 431 1409 459 σοι
1448 419 1499 476 τῇ
1541 417 1717 474 συνήθει

258 485 461 541 χρωμένῳ
491 485 566 538 τῆς
595 483 786 535 α’μαθίας
819 483 1011 542 α’ναιδείᾳ
1038 485 1244 541 πανταχῇ,
1275 486 1352 526 καί
1366 481 1411 526 τό
1441 497 1715 541 συγκεχωρη-

257 548 328 598 κὸς
358 546 460 602 μετά
493 547 708 605 ῥαστώνης
739 552 783 592 ἐκ
810 552 999 592 σεαυτοῦ
1027 548 1295 604 λαμβάνοντι,
1327 552 1402 606 καί
1426 552 1604 609 μηδαμῇ
1633 564 1748 599 ‘ca-5

193 645 195 647 .
254 617 491 674 μιευομὲνῳ
545 614 622 665 τάς
659 615 925 671 παραλόγους
966 613 1101 672 τύχας
1137 616 1211 659 καί
1247 620 1471 672 τραγικάς,
1507 619 1608 674 μηδ’
1644 620 1717 662 ἐπὶ

255 679 398 738 ῥητοῖς
429 681 475 723 τὸ
510 684 584 737 τῆς
611 683 778 739 γνώμης
817 685 936 725 ἐῶντι
976 684 1204 726 καθεύδειν
1239 683 1423 740 μεμηνός
1453 700 1498 727 τε
1526 686 1602 727 καί
1630 679 1715 727 αὕ-

255 749 400 800 θαδες.
460 748 575 790 πᾶσα
602 746 682 804 γάρ
714 748 921 807 ἐπιστήμη
952 753 1034 793 τῶν
1064 749 1196 794 πάλαι
1223 751 1295 793 καί
1314 752 1468 808 σοφίας
1495 750 1712 806 ’ἔμμουσος

255 814 438 868 ἁρμονία
467 830 510 856 τε
540 815 611 858 καί
637 815 806 872 ῥυθμός
833 817 879 861 τὸ
915 818 1096 872 ἐνεργεῖν
1135 817 1352 869 ἐξελάθετο
1383 819 1453 874 τῆς
1477 821 1556 874 σῆς
1585 819 1713 861 drov-

253 880 348 922 σιόυ
376 880 530 937 ταύτης
551 884 772 938 ἐνεργείας,
806 885 860 926 δι’
886 878 934 939 ἧς
952 884 1130 940 α’πονητὶ
1151 883 1227 934 τοὶς
1249 887 1469 934 α’κτίστους
1489 885 1713 940 χαλκεύεις
1728 900 1770 936 10

252 949 476 1004 θεότητας,
516 951 560 1001 ἐξ
596 950 838 1004 αὐτομάτου
880 953 1082 1008 φυείσης,
1129 949 1269 1007 ὥσπερ
1311 951 1356 994 τὸ
1399 953 1479 994 τῶν
1515 954 1712 1008 σπαρτῶν

254 1017 419 1058 ἐκείνων
435 1016 640 1071 γιγάντων
671 1016 921 1074 αόθήμερον
944 1020 1060 1072 γένος
1090 1019 1189 1073 ἡμῖν
1216 1019 1494 1071 α’ττικίζοντες
1519 1016 1712 1076 ὖπογράψ

253 1096 385 1138 φουσι
425 1085 577 1138 μῦθοι,
628 1085 876 1139 καινοτέρων
921 1080 1201 1139 ἀκουσμάτων
1255 1083 1395 1142 φοράν
1435 1086 1711 1138 εἰκονίζοντες.

163 1156 238 1190 θ’
252 1149 345 1191 ἐπεὶ
375 1150 421 1190 δὲ
450 1154 542 1198 ταῖς
569 1152 652 1192 ταῖν
681 1148 813 1204 λόγων
842 1150 1051 1206 καινότησι
1086 1153 1160 1194 καί
1188 1153 1328 1206 νόμων
1359 1153 1430 1194 δεῖ·
1447 1155 1711 1208 καινοτέρων,

250 1215 432 1270 γράψον,
459 1219 499 1259 εἰ
522 1214 680 1271 βούλει,
714 1218 787 1259 καί
813 1216 1018 1274 ψήφισμά
1049 1236 1086 1261 τι
1116 1221 1284 1275 καινόν,
1313 1218 1372 1275 μὴ
1401 1222 1594 1274 χρῆσθαι
1620 1221 1712 1263 κατ’
1725 1232 1767 1269 15

252 1281 482 1339 ἐπιστήμην
513 1289 600 1333 τοῖς
635 1284 767 1338 λόγοις
802 1283 877 1327 ἔτι.
908 1288 1031 1338 γενοῦ
1063 1292 1149 1335 τοῖς
1183 1288 1255 1328 νῦν
1295 1290 1368 1329 καί
1395 1286 1520 1336 αὐτὸς
1549 1292 1710 1342 καιροῖς

237 1347 478 1398 ,Ἰουλιανὸς
506 1351 777 1405 αὐτοκράτωρ
814 1353 885 1394 ἐπὶ
912 1353 1035 1411 κακίᾳ
1065 1354 1404 1408 διαβεβοημένος,
1436 1355 1509 1396 καί
1534 1357 1710 1408 βαρβα-

249 1413 456 1470 ρικώτερα
486 1417 647 1468 μᾶλλον
677 1413 704 1471 ἢ
732 1422 821 1459 κατ’
850 1419 1005 1460 ἐκεῖνον
1037 1417 1204 1468 δεικνὺς
1223 1418 1274 1460 τὰ
1304 1417 1566 1474 τολμήματα.
1598 1421 1708 1472 μᾶλ-

251 1486 322 1524 λον
352 1482 398 1523 δὲ
430 1483 502 1523 καί
524 1485 709 1537 γέγονας,
737 1486 887 1539 καιροῦ
915 1484 1059 1539 τυχών
1076 1488 1257 1541 πονηροῦ
1289 1485 1361 1528 καί
1383 1487 1475 1540 βίον
1505 1483 1707 1540 ἐλόμενος

250 1549 536 1601 κακοδαίμονα
567 1550 638 1592 καί
666 1549 889 1606 ἐπάρατον,
921 1552 998 1608 ἀφ’
1028 1547 1080 1592 οἷν
1105 1554 1260 1594 πολλαί
1285 1554 1363 1606 μὲν
1393 1552 1497 1594 κατά
1533 1554 1604 1608 τῆς
1634 1554 1765 1597 sni-20

250 1617 416 1666 σεβεάκς
448 1616 742 1671 α’νερρώγεσαν
773 1616 1003 1674 φάραγγες,
1036 1618 1183 1660 πολλοὶ
1213 1620 1259 1661 δὲ
1290 1621 1428 1662 κακῶν
1449 1618 1707 1675 ἐξερρύησαν

249 1679 446 1733 άθέμιτοι
479 1680 646 1738 ῥύακες.
707 1684 796 1726 α’λλ*
828 1687 903 1726 οὔκ
931 1686 992 1735 εἰς
1019 1688 1148 1738 τέλος,
1181 1681 1314 1739 οἶμαι,
1347 1684 1584 1740 χαιρήσεις,
1616 1686 1705 1728 ἀλλ’

249 1746 463 1791 ἀποδώσει
512 1748 621 1805 ταχύ
669 1751 871 1804 βασιλεὺς
915 1752 1058 1795 οὖτοσί
1084 1751 1174 1808 Ιτὴν
1222 1751 1399 1810 πάτριον
1438 1755 1511 1808 τῆς
1561 1742 1707 1810 ἐκκλη-

251 1961 384 1998 Christi
411 1963 616 1998 ecclesiae?
664 1970 702 1998 tu
730 1974 831 2007 vero,
858 1965 888 1999 si
914 1965 982 2007 vis,
1004 1964 1177 1998 fabricare
1195 1969 1382 2007 praeterea
1408 1969 1447 1997 ut
1471 1964 1706 1999 increatarum

251 2011 388 2054 copiam
414 2010 635 2046 divinitatum
662 2013 710 2046 ita
737 2013 840 2046 etiam
867 2018 976 2045 artem
1001 2022 1141 2046 novam.
1192 2011 1279 2045 licet
1307 2012 1398 2044 enim
1424 2011 1488 2045 tibi
1513 2021 1591 2045 cum
1616 2021 1706 2046 con-

249 2063 349 2091 sueta
374 2059 482 2092 utaris
506 2059 728 2104 ignorantiae
750 2060 966 2103 impudentia
987 2059 1118 2103 ubique
1134 2064 1168 2092 et
1194 2059 1460 2092 concessionem
1485 2058 1592 2093 facile
1609 2069 1654 2093 ex
1669 2064 1706 2093 te

248 2115 362 2139 sumas
387 2116 504 2150 neque
523 2106 598 2141 ullo
624 2107 727 2141 modo
744 2108 926 2151 dispenses
951 2107 1109 2140 fortunas
1125 2107 1384 2149 inexspectatus
1411 2110 1447 2138 et
1470 2111 1704 2150 portentosas,

247 2162 365 2196 neque
392 2154 499 2187 certis
536 2154 797 2188 conditionibus
835 2154 1046 2188 sententiam
1084 2159 1177 2186 tuam
1214 2154 1308 2187 sinas
1334 2153 1522 2196 quiescere
1546 2153 1705 2187 insanam

250 2205 285 2233 et
308 2200 487 2233 audacem.
540 2202 652 2234 omnis
679 2202 770 2235 enim
796 2206 954 2235 veterum
972 2201 1123 2234 scientia
1151 2206 1186 2233 et
1209 2200 1388 2234 institutus
1416 2201 1590 2244 sapientia
1613 2210 1703 2234 con..

249 2252 374 2281 centus
402 2252 436 2280 et
462 2247 645 2291 rhythmus
677 2249 787 2282 oblita
812 2253 892 2282 sunt
923 2248 1126 2289 efficiendi,
1153 2258 1229 2280 cum
1257 2252 1317 2280 tua
1341 2247 1582 2281 inessentialia
1615 2247 1704 2282 haec

250 2294 455 2336 efficientia,
484 2306 552 2340 qua
576 2296 654 2329 sine
678 2295 754 2329 ullo
779 2296 925 2339 negotio
952 2296 1125 2328 increatas
1152 2294 1335 2328 fabricaris
1365 2293 1569 2328 divinitates
1596 2305 1640 2328 ex
1664 2304 1704 2328 se

251 2342 328 2385 ipsa
353 2347 434 2375 nata
463 2343 533 2376 sit:
561 2343 665 2386 quale
695 2343 898 2386 Spartorum
924 2342 1066 2376 illorum
1093 2343 1271 2386 gigantum
1309 2341 1470 2374 diurnum
1496 2351 1609 2386 genus
1633 2351 1704 2375 no-

252 2389 306 2423 bis
333 2388 538 2423 adumbrant
564 2389 705 2424 fabulae
733 2390 874 2431 atticae,
900 2390 1138 2423 recentiorum
1164 2397 1339 2422 rumorum
1364 2388 1531 2431 impetum
1558 2393 1593 2422 et
1616 2398 1703 2432 pro-

252 2441 394 2470 ventum
421 2436 669 2480 depingentes.
736 2437 797 2470 sed
832 2438 996 2481 quoniam
1033 2436 1184 2470 novitati
1218 2434 1406 2470 verborum
1434 2435 1535 2468 etiam
1563 2434 1703 2480 legibus

249 2484 353 2517 novis
382 2488 436 2516 est
463 2493 571 2527 opus,
609 2493 677 2529 age
714 2484 868 2525 scribas,
895 2484 924 2517 si
949 2484 1028 2525 vis,
1056 2484 1159 2517 etiam
1186 2482 1336 2515 edictum
1362 2491 1493 2515 novum
1520 2482 1704 2527 quoddam,

249 2541 295 2564 ne
322 2530 400 2574 quis
427 2533 617 2566 secundum
643 2531 826 2565 scientiam
852 2536 976 2574 postea
1008 2536 1124 2564 utatur
1148 2529 1287 2570 verbis,
1314 2529 1377 2563 fias
1409 2528 1464 2563 his
1489 2529 1705 2573 temporibus

258 2583 293 2610 et
322 2578 400 2620 ipse
415 2577 571 2612 lulianus
585 2580 775 2622 imperator
792 2579 967 2621 pravitate
986 2578 1140 2619 infamis,
1166 2582 1200 2610 et
1219 2576 1438 2611 crudeliores
1463 2577 1581 2619 potius
1606 2586 1708 2620 quam

259 2634 303 2657 ex
330 2625 405 2658 eius
431 2630 555 2659 natura
589 2626 749 2669 proferes
789 2626 972 2666 audacias,
1010 2626 1089 2659 sive
1123 2624 1241 2667 potius
1273 2624 1340 2656 iam
1369 2623 1482 2657 factus
1509 2634 1546 2658 es
1572 2623 1710 2666 adiutus

264 2671 452 2704 occasione
482 2673 611 2706 misera
646 2678 681 2706 et
705 2673 811 2707 vitem
837 2672 1021 2705 infaustam
1049 2671 1187 2715 eligens
1222 2675 1258 2703 et
1281 2670 1547 2712 detestabilem,
1573 2680 1617 2704 ex
1643 2677 1711 2715 qua

266 2718 398 2751 multae
426 2723 549 2753 contra
572 2721 739 2763 pietatem
770 2724 1006 2766 proruperunt
1030 2719 1240 2762 voraginet‚
1266 2717 1437 2762 multique
1459 2717 1629 2751 malornm
1655 2717 1712 2751 ef-

291 2765 343 2803 usi
371 2770 453 2799 sunt
476 2775 594 2812 amnes
618 2767 746 2802 nefarii
758 2790 774 2811 ,,
795 2767 861 2814 sed,
878 2776 949 2803 uon
981 2774 1096 2814 usque
1117 2766 1158 2800 ad
1187 2765 1299 2813 finem·
1319 2766 1452 2812 opinor
1474 2765 1626 2800 ridebisz
1651 2763 1713 2808 sed
