1826 3120
148 118 179 154 ⁶
268 138 363 211 136
666 149 962 194 NicEPnom
1004 150 1308 196 camonia

263 251 417 307 ψύχως
447 256 609 310 στέργω
638 254 711 298 καί
736 254 979 309 α’σπάζομαι
1018 256 1095 306 τοῖς
1123 257 1245 313 ἁγίας
1282 261 1353 304 καὶ
1381 261 1536 315 σεπτοὶς
1561 265 1636 308 κατ’
1658 266 1728 310 ol-

263 337 511 374 κουμενικας
534 318 640 365 {cura
669 321 885 376 συνόδους,
917 340 984 366 και
1018 324 1092 375 τὰς
1120 325 1291 377 τοπικάς
1308 325 1451 383 ἑτέρας
1480 328 1532 382 ὰς
1560 333 1728 384 ἐδέξατο

263 405 331 433 και
327 389 555 443 “στέργει“
532 408 554 444 η
573 389 673 444 ἁγία
701 391 776 433 τοῦ
797 393 902 432 θεοῦ
920 390 1121 448 καθολικὴ
1143 395 1215 435 καί
1238 389 1487 452 ducatuum)
1505 399 1728 455 &xxa-‚urm

263 457 336 499 καί
362 472 436 507 ους
467 459 663 508 ἐδέξαντο
695 474 851 511 αυται,
896 460 1078 513 δέχομαι
1106 459 1180 502 καί
1210 459 1354 513 αὐτός,
1385 479 1459 514 ους
1484 465 1531 508 δὲ
1559 465 1726 521 ἐπεβά-

261 526 391 578 λοντο,
424 522 743 577 οἷποβοῖλλομαι,
772 525 985 581 μηδεμιάν
1013 527 1262 613 προσθήκην
1297 530 1368 572 έπί
1395 536 1482 580 τοῖς
1513 530 1760 587 ὅρωθεῐσιῦ

263 595 363 645 παρ’
394 591 530 633 αὕτῶν
557 585 584 646 ἢ
613 589 744 641 αὐτὸς
770 594 1016 647 προστιθεῖς
1047 590 1074 650 ἢ
1104 597 1206 649 παρ’
1234 591 1373 639 αλλων
1400 601 1638 655 γενομένην,
1668 617 1726 651 ως

263 672 390 699 αυται
420 654 467 699 αἱ
497 660 615 699 θεῖαι
643 658 890 710 θεσπίζουσι
920 657 1110 713 σύνοδοι,
1153 660 1379 716 δεχόμενος
1411 660 1542 715 ὅλως·
1616 664 1725 722 μέτε

1099 724 1119 740 ’Μ

89 721 453 778 ῐ.1281).ἕλλειψι’ν
490 741 581 767 τινα
620 727 695 768 καί
734 726 964 782 ἀφαίρεσιν
1011 729 1042 754 “
1091 747 1114 784 η
1161 728 1291 797 αὐτὸς
1337 731 1536 788 ἀφαιρῶν
1576 732 1656 788 ἐγώ
1695 728 1724 788 ἢ

266 792 550 848 ἀφαιροῦντος
583 788 836 847 α’νεχόμενος
862 789 993 837 ἄλλου
1028 796 1159 850 μέχρι
1186 799 1359 852 κεραίας
1383 801 1457 840 καί
1482 799 1696 855 γραμμῆς.

177 868 245 902 1⁸2
402 857 569 915 Ταύτην
605 858 682 915 τῆν
720 857 933 917 ἔγγραφόν
965 878 1049 915 μου
1095 859 1319 918 ὅμολογίαν
1350 863 1421 908 ἐπὶ
1456 869 1723 926 πληροφορίᾳ
1739 868 1782 905 10

262 930 336 979 τῆς
368 926 498 980 ὀρθῆς
530 926 602 969 καὶ
630 927 938 983 α’παρεγκλίτου
966 929 1186 983 ειῖσεβείας
1214 946 1300 984 μου
1345 930 1418 974 κατ’
1450 934 1628 982 πίστεως
1658 933 1726 975 del·-

263 995 373 1045 δωμι
405 992 540 1047 ἁπλῆν
578 994 699 1050 σαφῆ
726 994 941 1054 α’ποίκιλον
970 990 1177 1051 εὔληπτον
1214 996 1286 1039 καί
1318 1003 1402 1048 τοῖς
1429 1001 1534 1041 πᾶσι
1565 998 1724 1057 ῥᾳδίως

261 1061 586 1116 γνωριζομένην,
616 1061 740 1103 ου’δὲν
768 1062 1004 1112 α’λλοιώσας
1045 1065 1146 1106 ου’δὲ
1169 1065 1449 1121 μεταφράσας
1483 1068 1565 1108 τῶν
1595 1064 1639 1110 ἑν
1665 1068 1726 1124 τῷ

261 1128 364 1184 θείῳ
395 1128 467 1168 καί
503 1124 603 1185 ἱερῷ
642 1126 840 1186 συμβόλῳ
888 1130 960 1183 τῆς
1003 1132 1202 1183 πίστεως,
1250 1130 1349 1174 ου’δὲ
1394 1134 1617 1188 θεολογίας
1651 1135 1726 1175 καί
1770 1162 1779 1168 ·

261 1195 449 1248 δόγματα
480 1193 784 1250 παρεγγράψας
813 1196 962 1252 α’σαφῆ
987 1202 1072 1247 τοῖς
1102 1200 1313 1248 πλείστοις
1341 1200 1414 1241 καί
1443 1198 1626 1243 α’σὺνετα
1652 1202 1725 1243 κατ’
1738 1206 1780 1241 15

259 1258 486 1316 ἑρμηνείας
514 1259 715 1315 δεόμενα,
745 1262 803 1311 ὥς
846 1265 919 1305 καί
960 1268 1241 1321 καινοφωνιάς
1280 1267 1474 1310 ἐντεῦθεν
1501 1266 1723 1324 εἰρημένας

260 1327 482 1370 λανθάνειν
508 1329 666 1382 μεταξὺ
690 1331 763 1372 καί
782 1331 1066 1386 παρατρέχειν
1097 1331 1196 1382 τούς
1215 1333 1581 1388 α’κοὺοντας,.α’λλ’
1608 1332 1720 1378 acroi

260 1397 397 1437 ἐκεῖνα
426 1395 567 1445 ἁπλῶς
611 1397 872 1449 ἐκτιθέμενος
901 1396 952 1440 τὰ
981 1400 1280 1454 παραδοθέντα
1307 1415 1381 1454 μοι
1421 1396 1588 1443 ἄνωθεν
1626 1399 1720 1456 ἱερὰ

261 1462 431 1518 ρήματα
480 1479 537 1512 ως
566 1462 888 1519 παρεδόθησαν,
921 1481 988 1507 και
1022 1463 1156 1515 αὐτας
1184 1466 1261 1516 τὰς
1303 1468 1476 1523 γνησίας
1506 1484 1589 1510 των
1619 1468 1722 1510 θεσ-

261 1527 417 1570 πεσίων
446 1532 636 1583 πατέρων
665 1528 812 1586 φωνὰς
841 1530 1003 1585 γυμνὰς
1032 1534 1105 1574 καί
1144 1532 1530 1588 α’παρακαλύπτους
1558 1536 1781 1591 ripaque-»20

261 1612 358 1650 ρων.
417 1613 476 1638 ων
516 1598 566 1654 τῇ
594 1601 741 1656 μελέτῃ
785 1615 853 1641 και
886 1596 1083 1658 ὁμολογία
1126 1597 1196 1642 δια
1227 1600 1384 1651 παντὸς
1426 1602 1618 1656 ἐμμένων
1645 1603 1721 1644 τοῦ

261 1794 365 1817 unam
404 1788 560 1818 sanctam
585 1782 796 1817 catholicam
830 1789 865 1817 et
901 1784 1134 1828 apostolicam
1167 1784 1366 1819 ecclesiam.
1418 1785 1590 1820 confiteor
1615 1796 1723 1825 unum

261 1831 436 1875 baptisma
460 1832 496 1864 in
520 1831 763 1865 remissionem
793 1836 1018 1874 peccatorum
1044 1837 1080 1865 et
1105 1837 1273 1875 exspecto
1299 1833 1599 1867 resurrectionem
1623 1844 1722 1868 mor-

263 1884 403 1912 tuorum
430 1883 465 1911 et
491 1879 598 1912 vitam
627 1879 767 1912 venturi
793 1878 941 1920 saeculi,
967 1889 1082 1912 amen.
1133 1880 1235 1912 etiam
1262 1890 1419 1925 agnosco
1447 1885 1482 1914 et
1505 1885 1580 1914 toto
1607 1881 1722 1915 animo

260 1935 438 1960 revereor
463 1930 614 1967 sanctas,
643 1930 792 1969 septem,
820 1927 1066 1959 oecumenicas
1095 1925 1177 1959 illas
1204 1932 1336 1971 septem
1364 1927 1532 1970 synodos.
1582 1933 1617 1962 et
1631 1928 1723 1962 reli..

263 1984 348 2019 quas
374 1973 529 2006 minores
557 1983 643 2017 quas
669 1973 832 2018 agnoscit
860 1978 894 2006 et
921 1978 1109 2006 reveretur
1138 1979 1259 2007 sancta
1286 1975 1343 2008 dei
1370 1974 1547 2008 catholica
1571 1980 1607 2009 et
1630 1985 1722 2020 apo-

263 2020 391 2055 stolica
417 2020 583 2054 ecclesia.
648 2025 684 2054 et
718 2030 806 2064 quos
843 2020 910 2054 hae
935 2025 1148 2064 receperunt
1173 2031 1241 2066 ego
1271 2031 1413 2066 quoqne
1437 2022 1595 2066 recipio;
1634 2032 1722 2067 quos

263 2059 540 2102 condemnarunt
566 2077 632 2112 ego
667 2077 809 2112 quoque
836 2067 1044 2101 condemno.
1094 2078 1213 2113 neque
1237 2067 1360 2101 hornm
1393 2067 1500 2101 ullam
1528 2069 1723 2103 doctrinam

264 2117 308 2149 iis
335 2125 426 2160 quae
450 2114 554 2148 nobis
582 2114 732 2148 traditae
759 2120 840 2149 sunt
864 2116 941 2158 ipse
967 2114 1056 2148 addo
1079 2125 1196 2159 neque
1210 2115 1253 2148 ab
1279 2115 1359 2149 aliis
1386 2116 1535 2149 additam
1547 2124 1720 2162 agnosco,

263 2168 302 2198 ut
326 2173 346 2196 a
370 2161 583 2196 sanctisillis
609 2163 754 2205 synodis
779 2167 1006 2206 praeceptum
1033 2167 1100 2196 est.
1145 2173 1263 2208 neque
1288 2163 1509 2207 praetermisi
1534 2164 1720 2209 quidquam

264 2215 323 2244 aut
349 2210 512 2245 resecavi
538 2211 628 2255 ipse,
654 2220 772 2255 neque
799 2220 888 2255 quae
915 2209 957 2242 ab
988 2209 1066 2243 aliis
1091 2215 1229 2244 resecta
1254 2215 1335 2244 sunt
1360 2210 1403 2244 ad
1429 2211 1565 2255 apicem
1592 2216 1627 2245 et
1655 2211 1720 2245 lit..

261 2263 372 2292 teram
398 2257 541 2302 agnovi.

393 2316 492 2350 Hanc
516 2317 734 2360 propositam
762 2315 945 2350 formulam
970 2321 1009 2350 ut
1024 2326 1111 2351 vera
1136 2326 1178 2350 ac
1206 2321 1371 2350 constans
1389 2321 1510 2350 nostra
1535 2318 1648 2361 pietas
1677 2329 1719 2352 ac

262 2364 423 2398 doctrina
450 2364 556 2397 facile
582 2363 624 2397 ab
651 2363 813 2397 omnibus
840 2364 952 2408 possit
979 2364 1134 2410 intelligi
1159 2363 1294 2398 reddidi
1318 2363 1528 2408 simplicem,
1554 2365 1720 2409 perspie-

262 2421 378 2453 cuum,
413 2412 627 2456 incomptam
660 2411 817 2455 satisque
843 2411 1003 2444 omnibus
1029 2417 1201 2456 opertam.
1249 2421 1368 2455 neque
1402 2411 1583 2446 immutavi
1611 2413 1718 2457 quid-

262 2469 364 2503 quam
401 2469 519 2504 neque
546 2458 734 2493 verborum
760 2458 892 2492 ambitu
917 2468 1015 2492 arsus
1041 2470 1115 2494 sum
1142 2460 1178 2492 in
1204 2457 1354 2491 formula
1380 2457 1445 2491 hac
1469 2459 1715 2494 renuntianda.

261 2517 379 2550 neque
419 2506 586 2540 formulas
622 2505 846 2550 theologicas
879 2516 942 2539 seu
979 2506 1195 2551 dogmaticas
1226 2506 1375 2548 intexui,
1411 2516 1517 2550 quum
1544 2506 1718 2541 obscurae

263 2554 333 2587 sint
358 2553 518 2597 plu-rimis
542 2564 660 2598 neque
687 2554 772 2587 satis
797 2554 841 2587 ad
869 2554 904 2586 in
934 2552 1168 2599 telligendum
1201 2557 1346 2596 apertae
1371 2554 1443 2588 nisi
1468 2553 1625 2587 adhibita
1651 2564 1718 2588 ex-

262 2601 470 2644 plicatione.
520 2601 613 2635 unde
638 2611 746 2644 saepe
771 2600 811 2635 fit
834 2605 873 2634 ut
896 2600 1015 2634 inania
1040 2601 1265 2636 suboriantur
1291 2610 1381 2644 quae
1391 2611 1496 2635 aures
1516 2601 1638 2635 surdas
1657 2601 1718 2635 of.

264 2648 421 2681 fendant.
471 2648 533 2681 sed
561 2648 770 2692 simpliciter
804 2647 911 2682 retuli
936 2648 1195 2682 'sanctificatam
1230 2647 1327 2681 illam
1363 2647 1549 2682 formulam
1583 2649 1717 2692 pariter

261 2705 302 2729 ac
326 2695 410 2727 mihi
437 2695 564 2729 tradita
590 2700 654 2729 est.
720 2696 804 2739 quin
826 2696 903 2739 ipsa
927 2696 1020 2729 nuda
1047 2701 1082 2728 et
1106 2699 1230 2739 aperta
1255 2694 1364 2728 verba
1393 2695 1538 2729 exhibui
1565 2701 1711 2731 sancto-

261 2753 335 2781 rum
360 2748 517 2790 patrum3
552 2743 587 2777 in
614 2752 761 2788 quorum
786 2743 908 2778 studiis
933 2747 969 2777 et
993 2743 1153 2778 doctrina
1177 2752 1241 2789 per
1267 2747 1375 2777 totam
1399 2743 1510 2778 vitam
1534 2752 1712 2788 perseve-
