1852 3138
489 64 523 114 ἆ

322 142 422 195 400
709 148 1067 232 'memnoni
1108 152 1458 197 GaEGoaAE

312 229 634 312 α’ποβλύζοντας
664 262 738 314 τῆς
766 261 996 325 θρησκείας
1037 256 1215 315 ῥύακας,
1255 262 1328 302 καί
1359 257 1578 315 Πρώτεως
1603 258 1781 316 τήμερον

164 326 310 367 f.162r.
327 326 502 367 δεῖσθαι’
524 340 664 376 τινος,
697 326 974 367 α’λλοιοῦσθαι
1017 327 1255 379 δυναμένου
1298 324 1436 382 συχνά
1465 324 1572 382 πρὸς
1597 325 1650 369 τὰ
1684 324 1782 368 διά-

325 407 438 447 φορα
468 393 548 433 τῶν
576 391 832 445 ὁμιλούντων
857 386 942 447 ἤθη
973 409 1043 434 και
1075 409 1165 458 αμα
1194 392 1268 443 τάς
1287 409 1331 436 τε
1360 391 1534 448 γνώσεις
1561 394 1636 436 καῖ
1637 394 1783 448 διχο-

323 451 562 507 στατοόσας
590 457 771 511 γνώμας.

232 534 307 568 85
456 521 539 566 Διά
572 523 623 578 δή
656 526 793 565 ταῦτα
824 523 896 565 καί
924 523 973 566 τὰ
1005 527 1176 568 τοιαῦτα
1215 527 1394 579 βαθείας
1423 526 1541 580 σιγῆς
1567 503 1816 568 diffinitone·

325 588 477 645 ἔρωτες
497 588 541 632 τὸ
573 593 644 644 τῆς
675 592 777 644 ἐμῆς
805 592 949 645 ψυχῆς
979 590 1258 645 λογιζόμενον,
1295 608 1364 633 και
1395 590 1610 642 τοιούτους
1640 589 1691 646 δή
1720 608 1784 634 τι-

325 673 399 706 νας
433 659 477 700 ἐν
505 657 673 714 ἐμαυτῷ
704 657 800 706 τούς
829 657 1055 711 λογισμούς
1082 656 1280 712 ἐξήσκουν
1308 657 1403 712 ἐγώ,
1433 656 1584 713 δεδιώς
1609 657 1669 713 μὴ
1696 657 1785 712 μα’-

322 739 395 779 την
423 724 601 781 αόρίστῳ
630 739 675 765 τε
704 725 775 764 καί
796 724 966 785 elargita)
1010 727 1201 782 στοιχείῳ
1232 728 1287 782 τῷ
1321 726 1415 780 οἶέρι
1447 724 1562 777 δόξω.
1583 727 1785 778 δανείζειν

324 789 469 846 λόγους
514 790 666 832 αυ’τι’κα
707 789 824 843 μάλα
870 793 1199 845 λυθησομένους.
1271 793 1375 834 ἐπεὶ
1418 793 1464 834 δὲ
1516 788 1786 846 πανταχόθεν

323 855 437 910 ἡμᾶς
467 859 732 911 περιθέοντες
762 859 837 898 νῦν
879 854 916 898 οἶ
957 859 1030 911 τῆς
1059 857 1275 911 εὐσεβείας
1316 857 1548 913 α’γωνισταί
1574 858 1648 900 καί
1674 868 1816 914 cepo-1

326 924 506 978 δρατῆς
535 925 710 974 πίστεως
740 924 1010 979 α’ντεχόμενοι
1031 927 1337 980 πιθανωτέροις
1354 925 1614 983 χρησάμενοι
1646 925 1785 983 λόγοις

327 986 524 1044 ε’κθιῖμως
557 1007 601 1033 τε
633 992 801 1043 ἀξιοῦσι
832 991 903 1033 καί
931 993 1111 1048 α’νάγκην
1149 996 1202 1050 τῇ
1233 991 1403 1045 άξιώσει
1447 994 1648 1049 ἐπάγουσι
1678 1010 1786 1037 παν-

324 1056 508 1111 τοδαπὴν
543 1074 635 1099 τινα
676 1061 747 1100 καί
786 1057 892 1100 πολύ
941 1059 983 1100 τὸ
1031 1058 1239 1115 διάπυρον
1268 1062 1545 1117 κεκτημένην,
1573 1060 1646 1103 καί
1673 1059 1784 1115 α’ροῖς

325 1124 789 1177 προσεπιδαψιλεύουσι
819 1127 869 1181 τῇ
898 1123 1050 1182 ἀνάγκῃ
1076 1124 1136 1180 μὴ
1160 1129 1366 1182 περιιδεῖν
1388 1128 1785 1183 α’ναμοχλευομένην

325 1189 401 1245 τὴν
432 1187 652 1245 ἀλήθειαν,
683 1190 1003 1241 κινδυνεύοντας
1045 1194 1091 1234 δὲ
1121 1194 1220 1243 τοὺς
1252 1192 1451 1247 πολλούς-ς
1492 1192 1588 1243 τοὺς
1616 1196 1695 1246 μὲν
1725 1193 1816 1242 εἶς1

328 1256 380 1299 τά
413 1255 569 1311 ἔσχατα
594 1259 666 1313 τῆς
697 1260 895 1314 κακίστης
924 1261 1007 1300 τῶν
1038 1262 1337 1303 Μασαλιαναῖν
1375 1265 1637 1317 περιπίπτειν
1666 1258 1787 1316 αἱρέ-

327 1339 445 1377 σεως,
476 1322 574 1373 τούς
603 1326 640 1366 δ’
670 1326 729 1374 εἰς
761 1323 815 1367 τά
854 1327 934 1367 ταῖν
965 1327 1214 1369 οἰκτιστιτῶν
1246 1343 1290 1369 τε
1319 1329 1392 1370 καί
1420 1327 1786 1384 ἅνθρωπομορφι-

327 1392 410 1433 τών
438 1391 657 1445 βάραθρα,
685 1390 783 1441 τούς
814 1394 853 1433 ‹5’
881 1394 940 1441 εἰς
970 1393 1220 1443 ἀλλοκότους
1258 1394 1331 1436 καί
1357 1395 1604 1451 τερατώδεις
1634 1391 1786 1444 ἄλλους

330 1455 553 1512 κρημνούς,
579 1458 651 1500 καί
679 1453 791 1500 ἄκων
829 1457 1030 1513 ἐξάγομαι
1074 1462 1208 1513 λέγειν
1250 1460 1278 1502 ἃ
1317 1461 1374 1516 μὴ
1407 1460 1681 1518 προῄρημαι,
1711 1459 1786 1516 τὴν

329 1525 400 1565 τοῦ
428 1524 671 1579 κρύψαντος
700 1524 745 1566 τὸ
776 1527 910 1580 δῶρον
940 1527 1040 1567 καθ’
1069 1525 1211 1581 ἕτερον
1247 1528 1401 1582 τρόπον
1431 1527 1578 1577 δεδιώς
1610 1529 1786 1570 καταδί-

330 1607 404 1644 κην
433 1593 606 1644 ἐκείνου,
636 1587 706 1634 ἅτε
737 1592 1010 1646 στενοχωρῶν
1037 1591 1109 1634 καί
1138 1594 1295 1635 α’ὃικῶν
1325 1593 1367 1636 τό
1401 1597 1485 1637 τῶν
1514 1593 1647 1650 λόγων
1673 1611 1786 1650 χρη-

330 1655 427 1699 στὸν
459 1658 512 1698 ου’
536 1658 650 1711 μάλα
682 1654 824 1712 ἄκων,
854 1659 1014 1702 πλειόσι
1047 1661 1276 1715 φαίνεσθαι
1302 1659 1488 1718 χρηστὸν
1516 1660 1788 1718 α’φαιροόμε-

330 1738 396 1774 νος
421 1721 492 1766 διὰ
522 1725 596 1779 τῆς
625 1728 757 1781 σιγῆς.
806 1729 1015 1782 ,τρέποιτο
1047 1728 1087 1768 δ’
1118 1728 1177 1777 εἰς
1206 1726 1281 1778 τάς
1312 1730 1392 1771 τῶν
1420 1729 1566 1772 αἰτίων
1596 1727 1787 1785 κεφαλάς

331 1912 440 1948 liceat
464 1904 570 1948 hodie
596 1913 639 1948 de
665 1913 793 1949 Proteo
821 1915 880 1960 qui
907 1915 1032 1950 crebro
1058 1917 1184 1950 mutari
1204 1921 1324 1961 potest
1346 1917 1383 1952 in
1407 1900 1526 1952 vai-ios
1555 1928 1598 1952 ac
1623 1917 1786 1954 diversos

330 1962 510 1995 hominum
537 1963 670 1997 animos
697 1972 889 2007 eorumque
920 1963 1193 2008 intelligentiam
1222 1969 1257 1998 et
1281 1964 1492 1999 dissidentes
1517 1965 1610 1999 inter
1635 1976 1675 2001 se
1700 1976 1786 2001 sen-

329 2010 471 2043 tentias.

464 2074 611 2119 Propter
636 2075 725 2109 haec
751 2081 786 2109 et
811 2076 940 2110 similia
963 2076 1024 2110 alti
1052 2076 1187 2110 silentii
1213 2086 1308 2110 arnor
1333 2076 1483 2110 animum
1511 2086 1625 2110 meum
1643 2076 1787 2111 tenebat

335 2128 370 2157 et
392 2122 483 2156 tales
513 2122 589 2156 fere
615 2124 706 2167 apud
728 2134 783 2156 me
807 2124 999 2157 sententias
1020 2124 1250 2158 conformavi.
1276 2124 1438 2158 timebam
1465 2124 1558 2157 enim
1583 2134 1628 2157 ne
1652 2129 1786 2158 temere

335 2171 370 2203 in
397 2174 515 2203 aerem
542 2169 753 2204 elementum
778 2171 950 2204 infinitum
977 2177 1011 2204 et
1035 2172 1139 2204 inane
1166 2171 1376 2214 proiicerem
1406 2171 1584 2204 orationes
1609 2171 1724 2205 statim
1749 2172 1784 2204 in

334 2216 484 2251 nihilum
525 2217 693 2251 abituras.
743 2218 1023 2262 quandoquidem
1067 2223 1182 2251 autem
1217 2218 1371 2262 undique
1415 2227 1479 2251 nos
1518 2218 1784 2252 circumstantes
1822 2234 1833 2264 j

336 2274 429 2297 nunc
454 2264 596 2307 pietatis
623 2266 781 2299 vindices
817 2271 852 2298 et
883 2265 1109 2299 tenacissime
1150 2265 1252 2298 fidem
1286 2265 1541 2309 amplectentes
1573 2265 1784 2299 firmioribus

334 2311 385 2344 uti
413 2312 627 2355 argumentis
655 2322 717 2356 par
743 2323 822 2346 esse
848 2318 972 2356 putant
1004 2318 1040 2346 et
1078 2313 1325 2346 necessitatem
1350 2313 1646 2356 argumentationi
1672 2313 1784 2346 addu-

334 2363 418 2391 cunt
446 2358 600 2402 undique
626 2360 788 2393 collatam
818 2365 852 2393 et
877 2359 1021 2392 multum
1055 2359 1194 2393 roboris
1227 2358 1412 2393 habentem
1454 2365 1490 2392 et
1514 2364 1598 2394 vota
1621 2360 1785 2404 necessi-

332 2406 395 2438 tati
422 2405 591 2439 adiiciunt
627 2417 673 2439 ne
701 2406 922 2451 negligamus
952 2407 1112 2440 veritatis
1138 2406 1336 2440 cernendae
1357 2406 1508 2440 studium
1533 2406 1785 2450 etvpericulum

333 2463 353 2485 a
381 2452 562 2496 plerisque
588 2453 814 2487 defendamus
853 2464 898 2486 ne
931 2454 993 2487 alii
1018 2455 1054 2487 in
1080 2464 1242 2487 summam
1268 2454 1461 2497 nequ'uiam
1486 2454 1643 2487 incidant
1666 2454 1784 2488 Masa-

331 2498 505 2532 lianorum
532 2499 689 2534 haereris
715 2501 776 2534 alii
802 2501 837 2534 in
868 2501 997 2534 foveas*
1025 2501 1254 2534 antistitarum
1272 2506 1316 2545 ‚et
1344 2500 1783 2544 anthropomorphitarum,

333 2546 394 2579 alii
420 2546 456 2578 in
490 2546 559 2579 alia
597 2548 789 2590 pestiferae
835 2553 869 2581 et
903 2553 1122 2581 monstrosae
1158 2547 1315 2581 haeresis
1350 2548 1572 2591 praecipitia,
1598 2548 1637 2581 fit
1660 2552 1698 2580 ut
1722 2546 1782 2581 vel

312 2593 467 2626 ‘invitus
492 2603 600 2638 cogar
621 2595 741 2628 dicere
768 2605 858 2640 quae
882 2601 986 2628 antea
1009 2595 1094 2628 mihi
1120 2604 1189 2627 non
1216 2595 1397 2637 proposui,
1426 2595 1558 2628 veritus
1583 2594 1655 2628 alio
1680 2594 1782 2635 modo

333 2649 482 2682 poenam
509 2642 598 2683 eius,
620 2643 679 2685 qui
694 2643 821 2676 donum
838 2641 982 2684 celavit,
1003 2647 1126 2686 utpote
1144 2646 1325 2674 coarctans
1339 2647 1445 2686 atque
1468 2642 1597 2675 iniuria
1621 2641 1782 2675 afficiens

332 2687 442 2721 bonas
468 2688 622 2722 rationes
647 2699 717 2722 non
745 2690 890 2731 invitus,
917 2690 1111 2732 impediens
1137 2688 1279 2722 silentio
1299 2699 1392 2730 meo,
1419 2699 1465 2722 ne
1490 2688 1649 2732 pluribus
1669 2698 1782 2732 appa-

332 2739 429 2769 reret
453 2734 594 2769 bonum.
644 2738 857 2781 vituperium
891 2742 1007 2770 autem
1045 2747 1083 2770 se
1116 2741 1231 2770 vertat
1265 2736 1301 2769 in
1338 2737 1452 2781 capita
1477 2741 1683 2778 auctorum,
1721 2735 1781 2781 qui
