1826 3120
180 142 277 192 270
571 125 875 191 ‘Ntcnpnom
913 142 1217 188 canaonas:
1789 122 1799 129 ’

129 257 256 300 ὅτοῦ
297 252 376 310 γάρ
408 254 667 308 ἐρεθίζοντος
705 255 778 295 καί
805 250 948 308 μάχην
995 254 1157 294 ἐκεῖθεν
1186 246 1412 294 ἀντίπαλον
1437 251 1638 293 α’νισταῖν-

176 337 250 371 τος
281 321 357 363 οὐκ
408 316 524 370 ἔντος
564 319 609 363 ἐν
641 321 881 377 ὀφθαλμοῖς
921 318 1040 373 ἡμῶν
1082 319 1266 376 α”φανείᾳ
1296 319 1635 371 κεκαλυμμένον,

178 388 422 431 παύσεσθαι
450 387 494 429 τὸ
527 385 753 441 νεμόμενον
786 382 856 440 τῆς
887 386 987 427 καθ’
1023 385 1142 439 ἡμῶν
1170 387 1318 433 κακιάς
1347 383 1506 443 ᾠήθην.
1535 379 1637 426 ὅθεν

178 454 322 508 ἐπειδὴ
349 458 434 503 τοῖς
476 450 620 504 ἅλλοις
657 453 942 507 παραινοῦντί
970 467 1040 504 μοι
1074 466 1173 499 τους
1203 452 1477 503 πειθομένους
1502 446 1636 506 ἥκιστ’

178 519 292 575 ἔχειν
320 523 446 576 ἐνῆν,
494 519 541 564 τὸ
580 527 669 563 κατ’
712 519 895 574 ἐμαυτὸν
935 522 1101 564 ἐποίουν
1141 519 1284 571 αὐτός.
1343 518 1530 576 θόρυβον
1555 523 1668 576 μὲνδ

110 581 114 585 ⁴
176 587 257 643 γάρ
288 586 330 639 ἐξ
360 589 528 644 εἰρήνης
558 585 719 646 ρᾴδιον
764 604 830 629 και
877 593 962 638 τοῖς
1008 585 1287 644 φαυλοτάτοις
1319 604 1389 630 και
1420 587 1636 642 βάναυσον

178 648 328 709 ἄγουσι
356 654 450 707 βίον
477 660 628 725 ποιεῖν,
654 653 698 696 ἐκ
731 656 776 698 δὲ
797 656 997 733 θορύβων
1024 655 1194 711 εἰρήνην
1227 651 1327 698 οιδὲ
1349 660 1437 704 τοῖς
1463 655 1634 711 σφόδρα

179 726 362 770 συνετοῖς
404 721 541 774 μάλα
554 737 597 764 τι
636 718 801 765 εὔοδον.
878 720 923 763 τὸ
965 724 1044 776 μὲν
1087 723 1167 777 γὰρ
1210 721 1438 781 αι’τονομία
1466 723 1636 783 φύσεως

179 804 337 842 aynae,
366 784 391 842 ἦ
427 789 475 830 δὲ
500 786 629 844 φύσις
661 782 837 831 ἄτακτον
865 805 934 830 και
963 788 1185 842 ἀνώμαλον
1214 787 1482 845 ὡμολόγηται
1512 784 1634 832 εἶναι·

176 853 221 897 τό
253 857 298 897 δὲ
348 855 519 896 παιδεία
559 871 627 897 και
659 859 825 898 συνέσει
854 857 1163 912 βεβουλευμένῃ
1207 873 1273 898 και
1303 855 1497 912 σώφροσι
1521 860 1638 911 2071—
1650 868 1694 905 10

175 928 297 976 σμοῖς
327 923 567 973 οιακίζεται.
625 917 725 964 ὅθεν
756 923 802 964 τὸ
832 926 910 976 μὲν
940 939 1007 964 και
1029 920 1104 971 τοίς
1130 938 1206 964 ουκ
1230 917 1359 971 οἰῖσας
1378 921 1635 971 α’ναπλάττει

175 989 426 1045 προφάσεις,
457 989 611 1045 ἐφόδια
641 991 812 1057 πορίζον
846 995 936 1040 ταῖς
967 989 1154 1043 μάχαις·
1211 988 1259 1030 τὸ
1292 991 1338 1032 δὲ
1365 987 1438 1031 καὶ
1464 987 1537 1038 τὰς
1563 985 1637 1031 ου’-

178 1073 255 1106 σας
287 1053 497 1109 εκτέμνειν
526 1057 737 1111 πειρᾶται,
769 1056 962 1111 καθάπερ
995 1054 1139 1111 ἰατρὸς
1170 1056 1249 1110 πρὸ
1277 1057 1351 1110 τῆς
1377 1057 1563 1138 βλάστης
1591 1058 1637 1100 ἐν

176 1125 229 1179 τῇ
271 1122 366 1178 ῥίζῃ
414 1119 491 1177 τήν
522 1125 758 1176 θεραπείαν
783 1120 1054 1176 τεχνώμενος.
1113 1124 1205 1165 ἐπεί
1237 1125 1283 1165 δὲ
1312 1138 1382 1165 και
1412 1123 1638 1181 ἄφορισμῷ
1734 1175 1736 1177 ‚

176 1191 396 1241 Παλαμᾶν
415 1186 522 1241 μετὰ
549 1191 621 1242 τῆς
650 1188 783 1230 αὐτοῦ
811 1191 1023 1244 φρατρίας
1046 1187 1210 1245 ἁπάσης
1233 1187 1306 1231 καί
1317 1191 1522 1248 χωρισμῷ
1535 1191 1639 1231 θεοῦ
1652 1202 1694 1238 15

175 1257 579 1310 καθυποβεβλῆσθαι
604 1258 842 1309 συμβέβηκε
865 1258 982 1297 δυοῖν
1008 1259 1282 1311 πατριαρχῶν
1309 1256 1379 1298 καὶ
1399 1252 1507 1299 ὅλων
1533 1252 1639 1298 ‹5716—

175 1335 243 1364 σοι
258 1324 487 1377 τηνικαῦτα
510 1325 705 1376 παρῆσαν
727 1325 808 1364 τῶν
829 1324 1076 1377 ἐπισκόπων,
1112 1321 1174 1365 ἔτι
1203 1326 1360 1376 μᾶλλον
1390 1324 1560 1381 ἐμαυτῷ
1585 1321 1635 1367 τοὶ

175 1390 245 1442 τῆς
277 1389 460 1444 ἡσυχίας
479 1389 694 1446 παρῄνουν
715 1389 786 1430 καί
811 1386 1056 1444 ἐπεκύρουν,
1083 1389 1239 1445 ταύτης
1256 1390 1387 1445 μόνης
1406 1387 1452 1432 τὸ
1485 1389 1637 1449 ῥᾷστον

176 1455 355 1511 ἐχούσης
383 1460 456 1497 καί
483 1450 653 1510 εὔλογον
671 1458 743 1510 τῆς
771 1458 851 1498 τῶν
872 1454 1063 1511 βεβήλων
1085 1461 1298 1513 φρατρίας
1325 1456 1398 1499 καί
1417 1459 1635 1507 κοινωνίας

126 1524 368 1571 θὲπιεικῶς
403 1523 603 1578 α’φιστοῖν.
677 1518 756 1578 ἤδη
797 1525 842 1566 δὲ
886 1523 957 1566 καί
986 1523 1169 1579 διωγμὸν
1200 1525 1470 1580 ἀνερρίπισεν
1510 1523 1532 1565 ὃ
1562 1527 1696 1579 τῆςςὶο
1726 1543 1756 1565 κ

177 1592 396 1645 ἐκκλησίας
431 1589 614 1644 χειμών,
642 1593 714 1632 καί
738 1583 934 1645 διωγμῶν
975 1589 1047 1633 τὸν
1089 1593 1427 1648 φρικωδέστατον
1452 1593 1524 1634 καί
1551 1594 1635 1646 βα-

176 1801 321 1826 norem:
349 1790 409 1835 qui
436 1789 554 1824 autem
580 1800 793 1835 quocunque
820 1791 924 1825 modo
950 1792 1059 1835 partis
1083 1791 1243 1827 melioris
1269 1792 1447 1828 studiosus
1470 1793 1530 1836 sit,
1554 1802 1636 1830 eum

178 1838 318 1883 perpeti
343 1848 400 1872 res
425 1838 654 1872 miseratione
679 1838 802 1883 dignas
831 1844 865 1872 et
901 1840 1043 1873 auferre
1070 1849 1171 1873 casus
1196 1840 1364 1885 tragicos.
1425 1840 1636 1885 optimorum
1676 1878 1685 1885 ἱ

180 1896 259 1920 esse
300 1885 385 1918 mihi
414 1885 526 1919 visum
555 1891 630 1928 est,
669 1886 895 1930 tranquillam
928 1887 1110 1930 praeferre
1134 1888 1266 1930 vitam,
1291 1887 1429 1921 theatro
1459 1888 1636 1922 ecclesia-

178 1934 267 1968 stico
294 1932 435 1966 relicto.
495 1942 571 1966 cum
606 1933 697 1966 enim
729 1934 788 1977 qui
813 1934 968 1968 irritaret
1003 1939 1038 1967 et
1071 1945 1230 1978 pugnam>
1259 1936 1455 1978 oppositam
1491 1935 1558 1969 hac
1595 1944 1636 1968 re

179 1981 371 2022 excitaret,
419 1984 499 2013 ante
535 1980 659 2014 oculos
685 1986 825 2014 nostros
858 1992 931 2016 non
957 1987 1179 2024 versaretur,
1215 1982 1346 2026 quippe
1383 1983 1442 2027 qui
1477 1980 1635 2016 tenebris

178 2027 332 2062 involuti
359 2037 537 2070 essemus,
564 2028 727 2071 putabam
762 2028 839 2062 fore
865 2035 903 2063 ut
928 2040 1007 2073 pars
1046 2029 1219 2063 adtributa
1254 2029 1464 2063 calamitatis
1491 2034 1636 2063 nostrae

179 2075 374 2108 desineret.
424 2076 649 2118 quamobrem
677 2076 759 2119 quia
783 2077 926 2110 minime
952 2077 1092 2119 accidit,
1118 2082 1157 2110 ut
1181 2076 1267 2109 mihi
1292 2077 1351 2120 qui
1377 2076 1458 2111 aliis
1485 2075 1638 2110 consilia

179 2122 296 2156 darem
325 2122 419 2155 dicto
446 2122 629 2155 audientes
658 2128 801 2164 essent,
828 2124 904 2167 ipse
932 2124 1049 2158 officia
1082 2134 1159 2157 mea
1187 2124 1421 2167 praestabam,
1471 2134 1550 2158 nam
1575 2129 1636 2157 tu-

177 2168 322 2202 multum
349 2179 368 2202 e
393 2179 481 2212 pace
508 2169 627 2202 facere
654 2171 757 2202 etiam
784 2171 983 2206 hominibus
1010 2171 1172 2215 pessimis
1197 2170 1401 2216 vilibusque
1431 2171 1538 2205 facile
1568 2175 1640 2212 est;

179 2227 198 2249 e
224 2215 375 2249 tumultu
412 2221 527 2249 autem
553 2227 675 2260 pacem
702 2218 929 2261 conciliare,
954 2230 1000 2252 ne
1026 2219 1206 2252 admodum
1239 2218 1470 2274 prudentibus
1496 2217 1637 2262 quidem

178 2263 340 2307 profecto
368 2268 422 2296 cst
447 2269 631 2306 promtum.
683 2264 831 2298 alterum
855 2267 947 2299 enim
972 2266 1117 2299 arbitrio
1141 2271 1288 2299 naturae
1314 2266 1451 2310 agitur:
1477 2270 1638 2299 naturam

179 2315 295 2343 autem
337 2310 508 2343 turbidam
552 2317 586 2344 et
626 2311 829 2345 mutabilem
864 2324 942 2347 esse
981 2318 1139 2346 constat:
1173 2313 1321 2347 alterum
1358 2313 1573 2347 humanitate
1603 2316 1638 2344 et

181 2357 333 2391 consilio
361 2358 512 2400 sapienti
543 2362 578 2391 et
613 2360 723 2392 cautis
756 2360 1071 2394 deliberationibus
1106 2360 1384 2394 administratur:
1412 2359 1638 2404 quamobrem

178 2404 267 2438 illud
295 2405 397 2437 etiam
424 2405 523 2438 fictas
563 2407 744 2451 excogitat
785 2418 928 2450 causas,
969 2407 1143 2452 praebens
1180 2407 1333 2441 subsidia
1372 2407 1539 2451 proeliis:
1566 2406 1636 2440 hoc

182 2462 283 2485 veras
310 2462 452 2496 quoque
479 2452 611 2487 tollere
638 2459 809 2496 conatur,
834 2461 873 2488 ut
897 2456 1054 2489 medicus
1081 2464 1152 2488 non
1185 2456 1221 2487 in
1244 2464 1339 2497 ramo
1368 2455 1431 2488 sed
1456 2455 1492 2487 iu
1518 2454 1638 2488 radice

180 2499 399 2532 curationem
428 2510 631 2544 aggressus.
683 2507 866 2547 postquam
891 2508 1008 2536 autem
1035 2503 1185 2544 accidit,
1211 2507 1251 2535 ut
1273 2501 1431 2535 Palamas
1461 2511 1539 2535 cum
1562 2506 1638 2543 tota

180 2547 314 2580 familia
339 2557 402 2580 sua
429 2553 464 2580 et
489 2548 783 2582 determinatione
819 2555 854 2583 et
888 2551 1113 2593 separatione
1146 2549 1265 2582 divina
1299 2549 1544 2583 succumberet
1571 2558 1637 2592 pa-

178 2593 342 2627 triarchis
370 2594 506 2628 duobus
545 2601 579 2628 ct
613 2596 771 2629 omnibus
790 2620 800 2638 ,
828 2603 1000 2641 quotquot
1032 2603 1103 2630 tum
1131 2597 1276 2630 aderant
1303 2597 1501 2640 episcopis,
1526 2594 1636 2629 multo

178 2642 289 2685 magis
316 2642 608 2685 tranquillitatem
635 2643 830 2686 probabam
853 2651 887 2678 et
927 2643 1179 2686 nanciscebar,
1207 2644 1337 2688 quippe
1363 2654 1455 2688 quae
1478 2643 1555 2678 sola
1580 2642 1637 2676 fa..

180 2688 347 2722 cultatem
373 2694 408 2722 et
432 2690 605 2723 rationem
632 2691 819 2734 praeberet
845 2692 1105 2737 haereticorum
1132 2691 1263 2724 familia
1292 2697 1326 2725 et
1351 2692 1526 2726 societate
1551 2690 1636 2725 satis

179 2735 391 2771 abstinendi.
441 2737 509 2770 iam
536 2748 622 2772 vero
665 2740 934 2775 insectationem
968 2738 1131 2774 accendit
1169 2738 1347 2777 ecclesiae
1371 2743 1576 2786 tempestas,
1602 2741 1638 2783 et
