1826 3120
319 138 621 185 nisTomAE
650 137 994 184 nYzANTmAE
1016 112 1147 181 ixx.
1170 124 1422 181 68-71,
1518 132 1615 180 317

132 247 215 289 ju
242 251 329 299 τοῖς
358 243 720 303 παραδεδομένοις
750 244 832 288 tino*
863 249 938 310 ²1⁰5
960 245 1206 302 πνερματος,
1234 242 1293 299 μή
1323 245 1424 299 παρ’
1453 238 1615 286 ἑαυτοῦ

48 336 50 338 v
104 317 464 370 ’φιλοτιμεῖσθαι
479 320 757 369 καινοτομεῖν,
789 313 898 357 ἀλλὰ
927 320 1013 364 τοῖς
1031 310 1612 369 προκατηγγελμένοιςπαρά

139 380 221 423 τῶν
249 379 382 436 ἆγίων
421 383 751 438 ἐφησυχάζειν.”
817 381 839 424 ὅ
889 383 935 423 δὲ
975 379 1049 436 τήν
1091 382 1282 435 γλῶτταν
1314 381 1504 434 χρυσοῦς
1539 378 1613 420 καί

141 447 270 498 αὐτὸς
297 448 454 502 ὅμοίως
479 449 556 492 “ὲν
583 455 674 499 ταῖς
703 452 870 499 θειάις”
903 447 1011 505 φησί
1030 447 1247 504 “γραφαῖς
1283 446 1386 489 ἰῶτα
1419 444 1463 487 ἓν
1491 441 1516 501 ἢ
1541 461 1612 487 κε-

105 515 270 572 5ραιάν
297 518 400 571 μιάν
443 519 743 574 παραδραμεῖν
786 518 861 559 οὐκ
889 517 1091 572 α’ζὴμιον,
1122 512 1227 558 ὥστε
1267 513 1403 557 πάντα
1445 516 1614 570 διερευ-

49 579 51 582 ⁴
141 585 303 626 νιῖσθαι
324 585 451 640 χρή.”
524 583 703 639 άκὴκοας
741 587 782 627 δ’
819 581 940 639 οἶμαι
978 582 1059 639 πρὸ
1101 584 1286 638 βραχέος
1326 582 1513 624 ἐνταῦθα
1543 581 1615 624 καὶ

141 652 382 708 Γρηγορίου
411 654 489 696 τοῦ
519 651 697 708 Νύσσης
720 650 822 695 “‹510'2
856 652 904 696 τό
937 656 992 711 τῇ
1020 651 1224 710 σαρκι’νῃ”
1255 651 1490 708 φάσκοντος
1507 647 1615 692 “ne-

141 720 292 777 ριβολῇ
319 719 397 775 τὴν
427 719 560 776 φύσιν
578 720 700 775 ἡμῶν
720 720 1040 775 περιείργεσθαι
1062 722 1368 775 φανερωθῆναι
1397 722 1479 763 τῶν
1509 718 1616 773 ἦμε-

143 789 276 843 τὲρων
304 791 383 830 τοῦ
415 789 490 830 νοῦ
531 790 773 844 κινημάτων
802 788 861 844 μή
897 790 1173 841 δυναμένων,
1206 783 1445 841 ἀναγκαίως
1475 786 1615 829 καθά-

43 867 45 871 ‘
83 860 220 909 ίθπερ
249 859 404 910 σημεῖα
443 859 527 905 τοῖς
571 856 793 910 πράγμασι
838 854 912 904 τὰς
953 844 1077 904 ποιὰς
1116 857 1200 897 τῶν
1229 854 1442 906 ὀνομάτων
1471 855 1614 904 θέσεις

143 915 455 977 διαβάλλοντες,
485 924 540 965 δι’
573 925 743 966 ἐκείνων
773 921 851 972 τὰς
882 925 958 966 τοῦ
986 924 1066 964 νοῦ
1096 919 1278 977 κινήσεις
1309 920 1508 976 ἀλλήλοις
1538 924 1616 977 δη-

141 986 396 1043 μοσιεῦομεν
414 1007 424 1018 ·
482 992 556 1033 καί
581 990 731 1033 τούτου
761 988 891 1045 χάριν
920 992 976 1048 τῷ
996 992 1075 1043 μέν
1102 1005 1182 1031 τινι
1213 992 1294 1031 ταῖν
1320 984 1454 1031 ὅντων
1483 983 1614 1043 ὄνομα

143 1055 323 1112 οὐρανὸν
353 1059 574 1113 ἐθέμεθα,
606 1056 733 1117 ἑτέρῳ
780 1060 826 1101 δὲ
856 1062 932 1113 γῆν
961 1061 1034 1100 *mi
1068 1053 1180 1115 ἄλλῳ
1212 1052 1312 1099 ἄλλο
1341 1074 1407 1100 τι.
1467 1058 1539 1099 καί
1566 1057 1611 1100 τὸ
1630 1065 1776 1103 r.147r.

141 1126 249 1181 πρός
274 1142 315 1168 τι
344 1128 433 1177 πῶς
463 1124 576 1181 ἔχειν
606 1124 635 1181 ἢ
663 1125 709 1169 τὸ
741 1129 926 1181 ἐνεργεῖν
958 1122 984 1180 ἢ
1011 1125 1056 1167 τὸ
1086 1126 1280 1180 πάσχειν,
1308 1126 1443 1168 ταῦτα
1475 1123 1614 1168 πάντα

86 1202 129 1238 15
141 1192 411 1245 ἰδιαζούσαις
442 1195 815 1250 ἐπισημαινόμεθα
847 1200 941 1244 ταῖς
974 1198 1149 1250 φωναῖς,
1180 1192 1235 1242 ὥς
1264 1189 1316 1234 ἂν
1343 1193 1402 1248 μὴ
1436 1192 1615 1235 ἀκοινώ-

43 1259 52 1262 ’
142 1259 266 1317 νητός
309 1276 355 1304 τε
405 1263 478 1304 καί
516 1256 725 1318 ἄγνωστος
770 1261 795 1316 ἡ
836 1263 912 1304 τοῦ
941 1264 1014 1303 νοῦ
1055 1261 1214 1317 κίνησις
1244 1262 1287 1302 ἐν
1330 1258 1428 1315 ἡμῖν
1458 1259 1619 1316 μένοι.”

143 1323 357 1378 ἇλλως,τε
384 1329 458 1373 καί
489 1329 716 1385 ἐπειδήπερ
765 1325 879 1377 ἅπας
906 1327 928 1368 ὅ
967 1330 1051 1370 ταῖν
1084 1327 1326 1382 ἀνθρώπων
1368 1331 1458 1382 βιός
1485 1327 1615 1385 φύσει
1636 1341 1706 1376 ⁸21

143 1396 217 1439 καί
245 1397 386 1450 νόμοις
415 1402 501 1447 τοῖς
535 1395 605 1439 διά
641 1397 843 1454 ῥημάτων
863 1413 906 1440 τε
937 1396 1010 1438 καί
1036 1395 1300 1451 γραμμάτων
1332 1399 1616 1450 οἰκονομεῖται

142 1463 218 1507 καί
242 1466 476 1519 διοικεῖται,
508 1464 626 1519 καὶῆ
658 1462 899 1520 μὲνφύσις
935 1460 1114 1506 ἄτακτον
1142 1463 1215 1505 καί
1244 1461 1484 1517 ἀνώμαλον,
1515 1463 1535 1505 ὃ
1570 1466 1617 1506 δὲ

84 1529 270 1585 τιονόμος
297 1525 519 1587 εὔρυθμόν
549 1548 590 1574 τε
621 1535 694 1574 καί
732 1534 981 1586 τεταγμένον
1013 1534 1085 1572 καί
1111 1530 1294 1584 ὁμαλόν,
1332 1531 1372 1573 εἰ
1399 1534 1469 1574 σοι’
1499 1547 1617 1574 πεισ-

142 1601 286 1649 θέντες
317 1599 546 1653 άπρακτεῖν
573 1598 780 1653 ἐάσαιμεν
806 1599 882 1653 τὴν
911 1601 993 1641 τῶν
1024 1596 1228 1655 ῥημάτων
1256 1600 1330 1641 καί
1349 1600 1616 1654 γραμμάτων

141 1665 338 1720 δύναμιν,
367 1668 442 1709 οὐκ
476 1663 528 1709 ἂν
545 1666 785 1724 φθάνοιμεν
802 1667 944 1723 κωφὸν
977 1669 1050 1709 καί
1078 1667 1259 1720 μάταιον
1293 1662 1615 1716 ἀποδεικνύντες

136 1732 217 1791 ’τὴν
241 1732 464 1790 ἕγκόσμιον
500 1734 654 1792 ταύτην
702 1734 774 1777 καί
818 1734 1072 1790 θαυμασίαν
1112 1737 1282 1790 ποιήσιν
1307 1734 1383 1776 τοῦ
1410 1735 1514 1776 θεοῦ
1545 1736 1619 1776 καί

134 1937 218 1975 'lum
247 1941 294 1976 sit
329 1941 366 1976 in
393 1941 564 1976 demendo
581 1942 716 1987 aliquid
743 1947 802 1976 aut
826 1941 986 1976 addendo
1002 1941 1046 1975 iis
1062 1951 1152 1986 quae
1178 1951 1197 1974 a
1217 1939 1344 1984 spiritu
1367 1940 1494 1975 tradita
1521 1944 1615 1983 sunt,

145 1999 219 2023 non
246 2000 291 2024 cx
324 2001 364 2024 se
392 1990 536 2024 studere
572 2001 629 2024 res
667 2001 779 2024 novas
806 1990 925 2023 moliri
961 1990 1022 2023 sed
1056 1990 1092 2022 in
1118 1990 1162 2022 iis
1191 1999 1281 2033 quae
1313 1999 1333 2022 a
1362 1989 1493 2022 sanctis
1518 1999 1615 2022 nun-

147 2037 238 2071 ciata
263 2044 346 2072 sunt
370 2039 615 2083 acquiescere.
667 2038 940 2081 Chrysostomus
975 2042 1091 2070 autem
1117 2037 1282 2070 similiter
1307 2042 1343 2070 et
1375 2037 1454 2081 ipse
1487 2038 1524 2070 in
1558 2037 1615 2070 di-

146 2085 262 2128 vinis,
289 2086 426 2131 inquit,
452 2086 639 2130 seripturis
668 2097 773 2119 unum
801 2087 872 2119 iota
900 2091 959 2119 aut
994 2095 1098 2117 unum
1142 2085 1277 2128 apicem
1313 2084 1514 2129 negligere,
1543 2094 1615 2117 non

147 2137 203 2166 est
227 2133 396 2177 impune,
438 2134 486 2168 ita
519 2139 557 2167 ut
594 2134 629 2167 in
666 2134 782 2167 omnia
818 2134 1001 2178 inquirere
1028 2133 1229 2166 debeamus.
1291 2132 1458 2167 audivisti
1484 2137 1614 2174 autem,

146 2180 299 2224 opinor,
325 2181 433 2226 paulo
459 2187 563 2216 antea
604 2182 660 2214 hic
688 2183 792 2215 etiam
821 2192 880 2223 ea,
919 2191 1008 2225 quae
1036 2180 1230 2225 Gregorius
1256 2179 1435 2224 Nyssaeus
1460 2181 1529 2222 ait,
1555 2180 1615 2224 qui

147 2228 251 2262 dicit:
279 2230 444 2274 quoniam
463 2240 539 2263 cum
564 2240 670 2263 carne
696 2229 931 2262 circumclusa
953 2233 1076 2261 natura
1091 2233 1210 2261 nostra
1233 2229 1447 2262 circumdata
1472 2229 1519 2261 sit
1535 2237 1615 2261 mo-

146 2276 265 2310 tiones
289 2282 433 2311 nostrae
457 2278 586 2311 mentis
612 2287 683 2310 non
710 2282 858 2321 possunt
882 2276 1070 2318 declarari,
1095 2276 1300 2309 necessario
1323 2280 1486 2320 tanquam
1512 2276 1616 2320 signa

146 2323 252 2358 rebus
270 2330 385 2359 certas
403 2326 583 2359 nominum
618 2326 895 2369 compositiones
922 2325 1158 2367 imponentes,
1184 2323 1257 2356 illis
1284 2324 1411 2358 mentis
1438 2324 1614 2356 motiones

144 2371 329 2406 nobiscum
349 2373 504 2407 invicem
532 2374 848 2406 communicamus:
877 2377 912 2405 et
940 2372 1030 2405 hanc
1049 2371 1093 2404 ob
1118 2381 1191 2404 rem
1222 2370 1283 2404 aiii
1309 2372 1362 2405 rei
1391 2381 1520 2404 nomen
1546 2371 1616 2403 im-

146 2419 311 2463 ponimus
337 2420 446 2463 coeli,
473 2421 536 2454 alii
562 2431 690 2455 nomen
720 2426 858 2454 torrae:
884 2419 944 2452 alii
964 2419 1080 2461 aliud,
1112 2423 1147 2452 et
1173 2419 1300 2452 referri
1326 2419 1368 2452 ad
1395 2418 1529 2463 aliquid
1554 2423 1616 2452 aut

146 2466 294 2501 efficere
319 2473 380 2502 aut
404 2469 519 2511 affici,
559 2469 647 2502 haec
673 2469 789 2502 omnia
816 2469 969 2512 propriis
1005 2467 1245 2511 significamus
1276 2466 1447 2500 vocibus:
1485 2477 1530 2500 ne
1556 2466 1616 2499 in-

147 2521 328 2558 comperta
357 2521 393 2550 et
416 2517 599 2562 incognita
627 2518 755 2550 mentis
788 2517 896 2548 motio
925 2517 960 2548 in
987 2516 1090 2548 nobis
1114 2519 1263 2548 maneat.
1299 2514 1508 2558 praesertim
1538 2518 1615 2547 cum

146 2563 260 2596 omnis
285 2563 464 2598 hominum
490 2566 563 2609 vita
590 2570 714 2598 natura
741 2569 775 2597 et
804 2563 939 2607 regulis
960 2563 1147 2596 verborum
1176 2567 1211 2595 et
1236 2562 1417 2595 literarum
1444 2562 1615 2605 dispona-

146 2616 205 2645 tur
231 2616 266 2644 et
290 2611 575 2647 administretur:
602 2618 707 2657 atque
732 2617 856 2645 natura
893 2611 1032 2655 quidem
1069 2611 1146 2643 sine
1172 2611 1298 2643 ordine
1325 2615 1378 2643 est
1404 2615 1439 2643 et
1466 2620 1612 2644 norma:

147 2657 209 2692 lex
233 2664 350 2692 autem
376 2659 540 2704 rhythmo
569 2666 621 2694 est
649 2661 807 2703 praedita
835 2665 869 2692 et
896 2659 1020 2692 ordine
1040 2662 1075 2690 et
1096 2668 1230 2699 norma,
1259 2658 1289 2691 si
1315 2663 1350 2691 te
1375 2658 1491 2691 secuti
1515 2657 1616 2691 sina-

147 2716 224 2740 mus
254 2707 443 2743 verborum
474 2713 510 2742 et
534 2707 715 2742 literarum
754 2709 822 2741 vim
848 2706 983 2740 nullius
1020 2706 1188 2739 momenti
1215 2715 1316 2747 esse,
1350 2706 1468 2740 statim
1502 2706 1616 2740 simu-

148 2753 271 2802 latque
301 2755 464 2791 obtusum
484 2761 520 2791 et
545 2766 672 2792 vanum
700 2756 927 2802 praebuimus
952 2755 1020 2789 hoc
1046 2759 1207 2790 ornatum
1234 2759 1270 2789 et
1293 2753 1500 2789 admirabile
1527 2762 1616 2799 opus
