<?xml version="1.0" encoding="UTF-8"?>
<!DOCTYPE html PUBLIC "-//W3C//DTD XHTML 1.0 Transitional//EN"
    "http://www.w3.org/TR/xhtml1/DTD/xhtml1-transitional.dtd">
<html xmlns="http://www.w3.org/1999/xhtml" xml:lang="en" lang="en">
 <head>
  <title>
</title>
<meta http-equiv="Content-Type" content="text/html;charset=utf-8" />
  <meta name='ocr-system' content='tesseract 3.04.00' />
  <meta name='ocr-capabilities' content='ocr_page ocr_carea ocr_par ocr_line ocrx_word'/>
</head>
<body>
  <div class='ocr_page' id='page_1' title='image "./corpusscriptorum40niebuoft_0011.png"; bbox 0 0 1722 3158; ppageno 0'>
   <div class='ocr_carea' id='block_1_1' title="bbox 0 0 1609 516">
    <p class='ocr_par' dir='ltr' id='par_1_1' title="bbox 0 0 1609 516">
     <span class='ocr_line' id='line_1_1' title="bbox 0 0 1609 287; baseline 0.012 -133"><span class='ocrx_word' id='word_1_1' title='bbox 0 0 71 287; x_wconf 58' lang='lat'><strong>¹-</strong></span> <span class='ocrx_word' id='word_1_2' title='bbox 259 98 267 166; x_wconf 71' lang='grc' dir='ltr'>ζ</span> <span class='ocrx_word' id='word_1_3' title='bbox 711 117 1039 166; x_wconf 66' lang='lat' dir='ltr'><strong>mama-10.</strong></span> <span class='ocrx_word' id='word_1_4' title='bbox 1102 183 1104 185; x_wconf 27' lang='grc'><strong>,</strong></span> <span class='ocrx_word' id='word_1_5' title='bbox 1521 129 1609 173; x_wconf 77' lang='lat' dir='ltr'><strong>vn</strong></span> 
     </span>
     <span class='ocr_line' id='line_1_2' title="bbox 0 224 1605 340; baseline 0.009 -66"><span class='ocrx_word' id='word_1_6' title='bbox 0 288 18 340; x_wconf 73' lang='lat' dir='ltr'><strong>‘i&#39;</strong></span> <span class='ocrx_word' id='word_1_7' title='bbox 265 224 483 278; x_wconf 77' lang='lat' dir='ltr'><strong>Alterum</strong></span> <span class='ocrx_word' id='word_1_8' title='bbox 526 230 737 280; x_wconf 75' lang='lat' dir='ltr'><strong>codicem</strong></span> <span class='ocrx_word' id='word_1_9' title='bbox 779 231 1092 285; x_wconf 83' lang='lat' dir='ltr'><strong>Parisiensem</strong></span> <span class='ocrx_word' id='word_1_10' title='bbox 1145 235 1296 301; x_wconf 78' lang='lat' dir='ltr'><strong>priori</strong></span> <span class='ocrx_word' id='word_1_11' title='bbox 1339 237 1605 304; x_wconf 81' lang='lat' dir='ltr'><strong>supplendo</strong></span> 
     </span>
     <span class='ocr_line' id='line_1_3' title="bbox 0 335 1607 408; baseline 0.011 -31"><span class='ocrx_word' id='word_1_12' title='bbox 0 341 31 408; x_wconf 58' lang='grc' dir='ltr'><em>ξ</em></span> <span class='ocrx_word' id='word_1_13' title='bbox 133 335 441 400; x_wconf 66' lang='lat' dir='ltr'><strong>conperimus</strong></span> <span class='ocrx_word' id='word_1_14' title='bbox 476 352 502 385; x_wconf 90' lang='lat' dir='ltr'><strong>a</strong></span> <span class='ocrx_word' id='word_1_15' title='bbox 538 336 783 388; x_wconf 88' lang='lat' dir='ltr'><strong>Friderico</strong></span> <span class='ocrx_word' id='word_1_16' title='bbox 799 340 1118 404; x_wconf 84' lang='lat' dir='ltr'><strong>Rostgaardio</strong></span> <span class='ocrx_word' id='word_1_17' title='bbox 1147 358 1255 394; x_wconf 82' lang='lat' dir='ltr'><strong>esse</strong></span> <span class='ocrx_word' id='word_1_18' title='bbox 1290 360 1353 393; x_wconf 84' lang='lat' dir='ltr'><strong>ex</strong></span> <span class='ocrx_word' id='word_1_19' title='bbox 1378 343 1607 396; x_wconf 75' lang='lat' dir='ltr'><strong>Vaticano</strong></span> 
     </span>
     <span class='ocr_line' id='line_1_4' title="bbox 0 413 1482 516; baseline 0.009 -28"><span class='ocrx_word' id='word_1_20' title='bbox 0 413 18 447; x_wconf 51' lang='grc' dir='ltr'><strong>ὲ</strong></span> <span class='ocrx_word' id='word_1_21' title='bbox 133 441 440 506; x_wconf 75' lang='lat' dir='ltr'><strong>exscriptum,</strong></span> <span class='ocrx_word' id='word_1_22' title='bbox 466 444 747 508; x_wconf 82' lang='lat' dir='ltr'><strong>missumque</strong></span> <span class='ocrx_word' id='word_1_23' title='bbox 781 445 990 498; x_wconf 84' lang='lat' dir='ltr'><strong>Parisios</strong></span> <span class='ocrx_word' id='word_1_24' title='bbox 1024 419 1109 497; x_wconf 76' lang='lat' dir='ltr'><strong>tali</strong></span> <span class='ocrx_word' id='word_1_25' title='bbox 1143 452 1482 516; x_wconf 79' lang='lat' dir='ltr'><strong>propemptico.</strong></span> 
     </span>
    </p>
   </div>
   <div class='ocr_carea' id='block_1_2' title="bbox 736 620 1021 671">
    <p class='ocr_par' dir='ltr' id='par_1_2' title="bbox 736 620 1021 671">
     <span class='ocr_line' id='line_1_5' title="bbox 736 620 1021 671; baseline 0.007 -2"><span class='ocrx_word' id='word_1_26' title='bbox 736 620 815 670; x_wconf 91' lang='lat' dir='ltr'><strong>Ad</strong></span> <span class='ocrx_word' id='word_1_27' title='bbox 852 621 1021 671; x_wconf 90' lang='lat' dir='ltr'><strong>librum</strong></span> 
     </span>
    </p>
   </div>
   <div class='ocr_carea' id='block_1_3' title="bbox 359 738 1375 800">
    <p class='ocr_par' dir='ltr' id='par_1_3' title="bbox 359 738 1375 800">
     <span class='ocr_line' id='line_1_6' title="bbox 359 738 1375 800; baseline 0.005 -18"><span class='ocrx_word' id='word_1_28' title='bbox 359 738 510 795; x_wconf 84' lang='lat' dir='ltr'><strong>duplex</strong></span> <span class='ocrx_word' id='word_1_29' title='bbox 545 738 870 783; x_wconf 86' lang='lat' dir='ltr'><strong>dodecastichon</strong></span> <span class='ocrx_word' id='word_1_30' title='bbox 901 740 1103 786; x_wconf 88' lang='lat' dir='ltr'><strong>Friderici</strong></span> <span class='ocrx_word' id='word_1_31' title='bbox 1130 743 1375 800; x_wconf 85' lang='lat' dir='ltr'><strong>Rostgaard.</strong></span> 
     </span>
    </p>
   </div>
   <div class='ocr_carea' id='block_1_4' title="bbox 738 874 999 880">
    <p class='ocr_par' dir='ltr' id='par_1_4' title="bbox 738 874 999 880">
     <span class='ocr_line' id='line_1_7' title="bbox 738 874 999 880; baseline 0 0"><span class='ocrx_word' id='word_1_32' title='bbox 738 874 999 880; x_wconf 95' lang='lat' dir='ltr'><strong> </strong></span> 
     </span>
    </p>
   </div>
   <div class='ocr_carea' id='block_1_5' title="bbox 0 978 1381 2611">
    <p class='ocr_par' dir='ltr' id='par_1_5' title="bbox 0 978 1381 2611">
     <span class='ocr_line' id='line_1_8' title="bbox 124 978 1381 1040; baseline 0.006 -19"><span class='ocrx_word' id='word_1_33' title='bbox 124 978 255 1024; x_wconf 83' lang='lat' dir='ltr'><strong>Parve</strong></span> <span class='ocrx_word' id='word_1_34' title='bbox 279 979 401 1036; x_wconf 89' lang='lat' dir='ltr'><strong>liber,</strong></span> <span class='ocrx_word' id='word_1_35' title='bbox 432 992 613 1036; x_wconf 86' lang='lat' dir='ltr'><strong>propera</strong></span> <span class='ocrx_word' id='word_1_36' title='bbox 643 982 849 1024; x_wconf 89' lang='lat' dir='ltr'><strong>dominam</strong></span> <span class='ocrx_word' id='word_1_37' title='bbox 879 985 1116 1040; x_wconf 87' lang='lat' dir='ltr'><strong>pertingere</strong></span> <span class='ocrx_word' id='word_1_38' title='bbox 1143 984 1196 1028; x_wconf 90' lang='lat' dir='ltr'><strong>ad</strong></span> <span class='ocrx_word' id='word_1_39' title='bbox 1223 986 1381 1040; x_wconf 87' lang='lat' dir='ltr'><strong>urbem,</strong></span> 
     </span>
     <span class='ocr_line' id='line_1_9' title="bbox 82 1048 1239 1107; baseline 0.003 -14"><span class='ocrx_word' id='word_1_40' title='bbox 82 1102 86 1105; x_wconf 15' lang='grc' dir='ltr'><em>Ὗ</em></span> <span class='ocrx_word' id='word_1_41' title='bbox 237 1048 366 1098; x_wconf 84' lang='lat' dir='ltr'><strong>Quam</strong></span> <span class='ocrx_word' id='word_1_42' title='bbox 396 1062 472 1092; x_wconf 83' lang='lat' dir='ltr'><strong>rex</strong></span> <span class='ocrx_word' id='word_1_43' title='bbox 498 1049 688 1105; x_wconf 81' lang='lat' dir='ltr'><strong>Europae</strong></span> <span class='ocrx_word' id='word_1_44' title='bbox 720 1056 857 1094; x_wconf 87' lang='lat' dir='ltr'><strong>terror</strong></span> <span class='ocrx_word' id='word_1_45' title='bbox 886 1064 1083 1107; x_wconf 86' lang='lat' dir='ltr'><strong>amorque</strong></span> <span class='ocrx_word' id='word_1_46' title='bbox 1112 1053 1239 1096; x_wconf 86' lang='lat' dir='ltr'><strong>fovet.</strong></span> 
     </span>
     <span class='ocr_line' id='line_1_10' title="bbox 0 1118 1171 1181; baseline 0.003 -20"><span class='ocrx_word' id='word_1_47' title='bbox 0 1130 23 1181; x_wconf 38' lang='lat' dir='ltr'><strong>s*</strong></span> <span class='ocrx_word' id='word_1_48' title='bbox 125 1118 226 1171; x_wconf 73' lang='lat' dir='ltr'><strong>Inde</strong></span> <span class='ocrx_word' id='word_1_49' title='bbox 254 1119 515 1161; x_wconf 87' lang='lat' dir='ltr'><strong>verecundus</strong></span> <span class='ocrx_word' id='word_1_50' title='bbox 545 1124 585 1161; x_wconf 89' lang='lat' dir='ltr'><strong>te</strong></span> <span class='ocrx_word' id='word_1_51' title='bbox 618 1131 760 1161; x_wconf 86' lang='lat' dir='ltr'><strong>sacras</strong></span> <span class='ocrx_word' id='word_1_52' title='bbox 794 1119 940 1162; x_wconf 83' lang='lat' dir='ltr'><strong>confer</strong></span> <span class='ocrx_word' id='word_1_53' title='bbox 968 1121 1010 1162; x_wconf 91' lang='lat' dir='ltr'><strong>in</strong></span> <span class='ocrx_word' id='word_1_54' title='bbox 1042 1121 1171 1165; x_wconf 90' lang='lat' dir='ltr'><strong>aedes</strong></span> 
     </span>
     <span class='ocr_line' id='line_1_11' title="bbox 235 1185 1113 1243; baseline 0.002 -14"><span class='ocrx_word' id='word_1_55' title='bbox 235 1186 346 1236; x_wconf 85' lang='lat' dir='ltr'><strong>Quas</strong></span> <span class='ocrx_word' id='word_1_56' title='bbox 374 1187 457 1230; x_wconf 82' lang='lat' dir='ltr'><strong>late</strong></span> <span class='ocrx_word' id='word_1_57' title='bbox 483 1185 659 1242; x_wconf 88' lang='lat' dir='ltr'><strong>Augusti</strong></span> <span class='ocrx_word' id='word_1_58' title='bbox 685 1186 939 1231; x_wconf 81' lang='lat' dir='ltr'><strong>bibliotheca</strong></span> <span class='ocrx_word' id='word_1_59' title='bbox 967 1188 1113 1243; x_wconf 90' lang='lat' dir='ltr'><strong>replet.</strong></span> 
     </span>
     <span class='ocr_line' id='line_1_12' title="bbox 83 1255 1241 1313; baseline 0.003 -16"><span class='ocrx_word' id='word_1_60' title='bbox 83 1255 200 1298; x_wconf 85' lang='lat' dir='ltr'><strong>⁵Par</strong></span> <span class='ocrx_word' id='word_1_61' title='bbox 227 1255 301 1297; x_wconf 89' lang='lat' dir='ltr'><strong>tibi</strong></span> <span class='ocrx_word' id='word_1_62' title='bbox 329 1255 524 1301; x_wconf 78' lang='lat' dir='ltr'><strong>continuo</strong></span> <span class='ocrx_word' id='word_1_63' title='bbox 553 1259 720 1309; x_wconf 88' lang='lat' dir='ltr'><strong>praesto</strong></span> <span class='ocrx_word' id='word_1_64' title='bbox 758 1260 822 1297; x_wconf 91' lang='lat' dir='ltr'><strong>est</strong></span> <span class='ocrx_word' id='word_1_65' title='bbox 848 1256 1009 1312; x_wconf 87' lang='lat' dir='ltr'><strong>insigne</strong></span> <span class='ocrx_word' id='word_1_66' title='bbox 1043 1259 1241 1313; x_wconf 88' lang='lat' dir='ltr'><strong>virorum,</strong></span> 
     </span>
     <span class='ocr_line' id='line_1_13' title="bbox 230 1323 1136 1378; baseline 0.002 -12"><span class='ocrx_word' id='word_1_67' title='bbox 230 1323 304 1366; x_wconf 90' lang='lat' dir='ltr'><strong>Ille</strong></span> <span class='ocrx_word' id='word_1_68' title='bbox 334 1335 450 1366; x_wconf 91' lang='lat' dir='ltr'><strong>meus</strong></span> <span class='ocrx_word' id='word_1_69' title='bbox 481 1323 671 1365; x_wconf 89' lang='lat' dir='ltr'><strong>Clemens</strong></span> <span class='ocrx_word' id='word_1_70' title='bbox 701 1323 975 1378; x_wconf 89' lang='lat' dir='ltr'><strong>Boivinusque</strong></span> <span class='ocrx_word' id='word_1_71' title='bbox 1008 1337 1136 1368; x_wconf 90' lang='lat' dir='ltr'><strong>meus.</strong></span> 
     </span>
     <span class='ocr_line' id='line_1_14' title="bbox 117 1389 1115 1447; baseline 0.002 -14"><span class='ocrx_word' id='word_1_72' title='bbox 117 1391 328 1434; x_wconf 87' lang='lat' dir='ltr'><strong>Alteruter</strong></span> <span class='ocrx_word' id='word_1_73' title='bbox 355 1395 395 1432; x_wconf 91' lang='lat' dir='ltr'><strong>te</strong></span> <span class='ocrx_word' id='word_1_74' title='bbox 424 1389 602 1433; x_wconf 87' lang='lat' dir='ltr'><strong>deducet</strong></span> <span class='ocrx_word' id='word_1_75' title='bbox 613 1403 628 1442; x_wconf 80' lang='lat'>3</span> <span class='ocrx_word' id='word_1_76' title='bbox 653 1391 721 1432; x_wconf 93' lang='lat' dir='ltr'><strong>vel</strong></span> <span class='ocrx_word' id='word_1_77' title='bbox 752 1390 892 1434; x_wconf 84' lang='lat' dir='ltr'><strong>forsan</strong></span> <span class='ocrx_word' id='word_1_78' title='bbox 920 1397 1115 1447; x_wconf 87' lang='lat' dir='ltr'><strong>uterque:</strong></span> 
     </span>
     <span class='ocr_line' id='line_1_15' title="bbox 229 1458 1210 1517; baseline 0.003 -16"><span class='ocrx_word' id='word_1_79' title='bbox 229 1458 367 1502; x_wconf 88' lang='lat' dir='ltr'><strong>Comis</strong></span> <span class='ocrx_word' id='word_1_80' title='bbox 397 1461 507 1501; x_wconf 89' lang='lat' dir='ltr'><strong>enim</strong></span> <span class='ocrx_word' id='word_1_81' title='bbox 536 1463 623 1501; x_wconf 86' lang='lat' dir='ltr'><strong>tota</strong></span> <span class='ocrx_word' id='word_1_82' title='bbox 655 1463 719 1500; x_wconf 88' lang='lat' dir='ltr'><strong>est</strong></span> <span class='ocrx_word' id='word_1_83' title='bbox 744 1461 856 1502; x_wconf 84' lang='lat' dir='ltr'><strong>natio</strong></span> <span class='ocrx_word' id='word_1_84' title='bbox 887 1461 1210 1517; x_wconf 88' lang='lat' dir='ltr'><strong>Francigenum:</strong></span> 
     </span>
     <span class='ocr_line' id='line_1_16' title="bbox 113 1527 1065 1582; baseline 0 -12"><span class='ocrx_word' id='word_1_85' title='bbox 113 1527 165 1570; x_wconf 88' lang='lat' dir='ltr'><strong>Et</strong></span> <span class='ocrx_word' id='word_1_86' title='bbox 194 1532 235 1570; x_wconf 88' lang='lat' dir='ltr'><strong>te</strong></span> <span class='ocrx_word' id='word_1_87' title='bbox 266 1527 441 1570; x_wconf 86' lang='lat' dir='ltr'><strong>Tellerio</strong></span> <span class='ocrx_word' id='word_1_88' title='bbox 471 1529 602 1570; x_wconf 84' lang='lat' dir='ltr'><strong>sistet.</strong></span> <span class='ocrx_word' id='word_1_89' title='bbox 660 1532 920 1582; x_wconf 72' lang='lat' dir='ltr'><strong>tu¹temp0ra</strong></span> <span class='ocrx_word' id='word_1_90' title='bbox 951 1528 1065 1571; x_wconf 88' lang='lat' dir='ltr'><strong>fandi</strong></span> 
     </span>
     <span class='ocr_line' id='line_1_17' title="bbox 57 1595 1125 1651; baseline 0.006 -18"><span class='ocrx_word' id='word_1_91' title='bbox 57 1599 102 1635; x_wconf 90' lang='lat'><strong>10</strong></span> <span class='ocrx_word' id='word_1_92' title='bbox 220 1595 416 1651; x_wconf 67' lang='lat' dir='ltr'><strong>Expecta3</strong></span> <span class='ocrx_word' id='word_1_93' title='bbox 446 1601 487 1638; x_wconf 88' lang='lat' dir='ltr'><strong>et</strong></span> <span class='ocrx_word' id='word_1_94' title='bbox 512 1596 635 1638; x_wconf 87' lang='lat' dir='ltr'><strong>venia</strong></span> <span class='ocrx_word' id='word_1_95' title='bbox 666 1595 826 1638; x_wconf 87' lang='lat' dir='ltr'><strong>dissere</strong></span> <span class='ocrx_word' id='word_1_96' title='bbox 854 1608 988 1650; x_wconf 87' lang='lat' dir='ltr'><strong>pauca</strong></span> <span class='ocrx_word' id='word_1_97' title='bbox 1018 1596 1125 1639; x_wconf 88' lang='lat' dir='ltr'><strong>data.</strong></span> 
     </span>
     <span class='ocr_line' id='line_1_18' title="bbox 110 1665 1291 1720; baseline 0.001 -13"><span class='ocrx_word' id='word_1_98' title='bbox 110 1665 189 1707; x_wconf 87' lang='lat' dir='ltr'><strong>Dic</strong></span> <span class='ocrx_word' id='word_1_99' title='bbox 217 1678 242 1709; x_wconf 84' lang='lat' dir='ltr'><strong>a</strong></span> <span class='ocrx_word' id='word_1_100' title='bbox 273 1677 352 1720; x_wconf 86' lang='lat' dir='ltr'><strong>quo</strong></span> <span class='ocrx_word' id='word_1_101' title='bbox 383 1667 531 1708; x_wconf 89' lang='lat' dir='ltr'><strong>missus</strong></span> <span class='ocrx_word' id='word_1_102' title='bbox 560 1667 720 1719; x_wconf 87' lang='lat' dir='ltr'><strong>venias,</strong></span> <span class='ocrx_word' id='word_1_103' title='bbox 754 1671 943 1719; x_wconf 81' lang='lat' dir='ltr'><strong>et&#39;quam</strong></span> <span class='ocrx_word' id='word_1_104' title='bbox 973 1678 1133 1708; x_wconf 90' lang='lat' dir='ltr'><strong>memor</strong></span> <span class='ocrx_word' id='word_1_105' title='bbox 1162 1677 1291 1720; x_wconf 86' lang='lat' dir='ltr'><strong>usque</strong></span> 
     </span>
     <span class='ocr_line' id='line_1_19' title="bbox 222 1733 1109 1776; baseline 0.001 -1"><span class='ocrx_word' id='word_1_106' title='bbox 222 1733 388 1776; x_wconf 81' lang='lat' dir='ltr'><strong>Mittens</strong></span> <span class='ocrx_word' id='word_1_107' title='bbox 419 1733 588 1775; x_wconf 88' lang='lat' dir='ltr'><strong>Tellerii</strong></span> <span class='ocrx_word' id='word_1_108' title='bbox 617 1735 784 1775; x_wconf 87' lang='lat' dir='ltr'><strong>nomina</strong></span> <span class='ocrx_word' id='word_1_109' title='bbox 815 1739 958 1775; x_wconf 84' lang='lat' dir='ltr'><strong>sancta</strong></span> <span class='ocrx_word' id='word_1_110' title='bbox 988 1735 1109 1776; x_wconf 86' lang='lat' dir='ltr'><strong>colat.</strong></span> 
     </span>
     <span class='ocr_line' id='line_1_20' title="bbox 109 1800 1150 1856; baseline 0.002 -14"><span class='ocrx_word' id='word_1_111' title='bbox 109 1800 265 1856; x_wconf 86' lang='lat' dir='ltr'><strong>Nempe</strong></span> <span class='ocrx_word' id='word_1_112' title='bbox 294 1801 463 1843; x_wconf 86' lang='lat' dir='ltr'><strong>iubente</strong></span> <span class='ocrx_word' id='word_1_113' title='bbox 492 1801 561 1844; x_wconf 91' lang='lat' dir='ltr'><strong>illo</strong></span> <span class='ocrx_word' id='word_1_114' title='bbox 592 1802 729 1843; x_wconf 86' lang='lat' dir='ltr'><strong>cuncti</strong></span> <span class='ocrx_word' id='word_1_115' title='bbox 756 1806 928 1855; x_wconf 87' lang='lat' dir='ltr'><strong>patuere</strong></span> <span class='ocrx_word' id='word_1_116' title='bbox 958 1813 1150 1844; x_wconf 88' lang='lat' dir='ltr'><strong>recessus</strong></span> 
     </span>
     <span class='ocr_line' id='line_1_21' title="bbox 221 1868 1178 1924; baseline 0.002 -14"><span class='ocrx_word' id='word_1_117' title='bbox 221 1869 327 1910; x_wconf 92' lang='lat' dir='ltr'><strong>Dum</strong></span> <span class='ocrx_word' id='word_1_118' title='bbox 355 1873 425 1911; x_wconf 86' lang='lat' dir='ltr'><strong>tua</strong></span> <span class='ocrx_word' id='word_1_119' title='bbox 454 1881 535 1922; x_wconf 89' lang='lat' dir='ltr'><strong>me,</strong></span> <span class='ocrx_word' id='word_1_120' title='bbox 567 1868 683 1911; x_wconf 91' lang='lat' dir='ltr'><strong>dives</strong></span> <span class='ocrx_word' id='word_1_121' title='bbox 706 1869 909 1923; x_wconf 85' lang='lat' dir='ltr'><strong>Sequana,</strong></span> <span class='ocrx_word' id='word_1_122' title='bbox 937 1871 1026 1923; x_wconf 86' lang='lat' dir='ltr'><strong>ripa</strong></span> <span class='ocrx_word' id='word_1_123' title='bbox 1054 1874 1178 1924; x_wconf 86' lang='lat' dir='ltr'><strong>tenet,</strong></span> 
     </span>
     <span class='ocr_line' id='line_1_22' title="bbox 50 1935 1089 1994; baseline 0.002 -16"><span class='ocrx_word' id='word_1_124' title='bbox 50 1936 93 1971; x_wconf 85' lang='lat'><strong>15</strong></span> <span class='ocrx_word' id='word_1_125' title='bbox 106 1935 333 1992; x_wconf 84' lang='lat' dir='ltr'><strong>Utiliusque</strong></span> <span class='ocrx_word' id='word_1_126' title='bbox 362 1937 499 1981; x_wconf 86' lang='lat' dir='ltr'><strong>datum</strong></span> <span class='ocrx_word' id='word_1_127' title='bbox 529 1942 593 1980; x_wconf 88' lang='lat' dir='ltr'><strong>est</strong></span> <span class='ocrx_word' id='word_1_128' title='bbox 623 1939 783 1994; x_wconf 87' lang='lat' dir='ltr'><strong>regalia</strong></span> <span class='ocrx_word' id='word_1_129' title='bbox 811 1943 920 1980; x_wconf 87' lang='lat' dir='ltr'><strong>tecta</strong></span> <span class='ocrx_word' id='word_1_130' title='bbox 949 1939 1089 1980; x_wconf 87' lang='lat' dir='ltr'><strong>subire</strong></span> 
     </span>
     <span class='ocr_line' id='line_1_23' title="bbox 156 2005 1041 2062; baseline 0 -14"><span class='ocrx_word' id='word_1_131' title='bbox 156 2048 160 2052; x_wconf 78' lang='grc'><em>,</em></span> <span class='ocrx_word' id='word_1_132' title='bbox 217 2005 490 2060; x_wconf 88' lang='lat' dir='ltr'><strong>Millenosque</strong></span> <span class='ocrx_word' id='word_1_133' title='bbox 516 2006 632 2048; x_wconf 89' lang='lat' dir='ltr'><strong>libris</strong></span> <span class='ocrx_word' id='word_1_134' title='bbox 650 2006 903 2062; x_wconf 85' lang='lat' dir='ltr'><strong>invigilasse</strong></span> <span class='ocrx_word' id='word_1_135' title='bbox 933 2006 1041 2048; x_wconf 84' lang='lat' dir='ltr'><strong>dies.</strong></span> 
     </span>
     <span class='ocr_line' id='line_1_24' title="bbox 102 2073 1222 2129; baseline 0.003 -14"><span class='ocrx_word' id='word_1_136' title='bbox 102 2073 181 2115; x_wconf 87' lang='lat' dir='ltr'><strong>Dic</strong></span> <span class='ocrx_word' id='word_1_137' title='bbox 207 2085 284 2128; x_wconf 89' lang='lat' dir='ltr'><strong>pro</strong></span> <span class='ocrx_word' id='word_1_138' title='bbox 314 2078 376 2116; x_wconf 87' lang='lat' dir='ltr'><strong>tot</strong></span> <span class='ocrx_word' id='word_1_139' title='bbox 401 2075 572 2128; x_wconf 89' lang='lat' dir='ltr'><strong>meritis,</strong></span> <span class='ocrx_word' id='word_1_140' title='bbox 608 2086 687 2129; x_wconf 86' lang='lat' dir='ltr'><strong>qua</strong></span> <span class='ocrx_word' id='word_1_141' title='bbox 712 2074 796 2116; x_wconf 87' lang='lat' dir='ltr'><strong>late</strong></span> <span class='ocrx_word' id='word_1_142' title='bbox 827 2074 1062 2119; x_wconf 85' lang='lat' dir='ltr'><strong>extenditur</strong></span> <span class='ocrx_word' id='word_1_143' title='bbox 1090 2075 1222 2129; x_wconf 87' lang='lat' dir='ltr'><strong>orbis,</strong></span> 
     </span>
     <span class='ocr_line' id='line_1_25' title="bbox 217 2140 1058 2197; baseline 0.001 -14"><span class='ocrx_word' id='word_1_144' title='bbox 217 2140 382 2184; x_wconf 87' lang='lat' dir='ltr'><strong>Tellerii</strong></span> <span class='ocrx_word' id='word_1_145' title='bbox 411 2141 557 2184; x_wconf 89' lang='lat' dir='ltr'><strong>laudes</strong></span> <span class='ocrx_word' id='word_1_146' title='bbox 587 2145 909 2197; x_wconf 30' lang='lat' dir='ltr'><strong>melpraeeunte&#39;</strong></span> <span class='ocrx_word' id='word_1_147' title='bbox 940 2144 1058 2196; x_wconf 87' lang='lat' dir='ltr'><strong>cani,</strong></span> 
     </span>
     <span class='ocr_line' id='line_1_26' title="bbox 104 2203 1258 2265; baseline 0.001 -13"><span class='ocrx_word' id='word_1_148' title='bbox 104 2203 299 2264; x_wconf 77' lang='lat' dir='ltr'><strong>Quaeque</strong></span> <span class='ocrx_word' id='word_1_149' title='bbox 329 2223 448 2253; x_wconf 90' lang='lat' dir='ltr'><strong>meae</strong></span> <span class='ocrx_word' id='word_1_150' title='bbox 482 2215 657 2252; x_wconf 87' lang='lat' dir='ltr'><strong>renuunt</strong></span> <span class='ocrx_word' id='word_1_151' title='bbox 684 2215 830 2253; x_wconf 86' lang='lat' dir='ltr'><strong>tenues</strong></span> <span class='ocrx_word' id='word_1_152' title='bbox 859 2212 1100 2265; x_wconf 88' lang='lat' dir='ltr'><strong>persolvere</strong></span> <span class='ocrx_word' id='word_1_153' title='bbox 1133 2211 1258 2264; x_wconf 90' lang='lat' dir='ltr'><strong>vires,</strong></span> 
     </span>
     <span class='ocr_line' id='line_1_27' title="bbox 41 2275 1186 2322; baseline 0.001 -2"><span class='ocrx_word' id='word_1_154' title='bbox 41 2275 89 2311; x_wconf 79' lang='lat'><strong>2⁰</strong></span> <span class='ocrx_word' id='word_1_155' title='bbox 214 2278 292 2320; x_wconf 90' lang='lat' dir='ltr'><strong>Pro</strong></span> <span class='ocrx_word' id='word_1_156' title='bbox 322 2291 389 2320; x_wconf 92' lang='lat' dir='ltr'><strong>me</strong></span> <span class='ocrx_word' id='word_1_157' title='bbox 417 2279 625 2322; x_wconf 89' lang='lat' dir='ltr'><strong>Musarum</strong></span> <span class='ocrx_word' id='word_1_158' title='bbox 654 2278 834 2320; x_wconf 91' lang='lat' dir='ltr'><strong>reddere</strong></span> <span class='ocrx_word' id='word_1_159' title='bbox 863 2278 970 2320; x_wconf 91' lang='lat' dir='ltr'><strong>velle</strong></span> <span class='ocrx_word' id='word_1_160' title='bbox 1002 2279 1186 2322; x_wconf 90' lang='lat' dir='ltr'><strong>chorum.</strong></span> 
     </span>
     <span class='ocr_line' id='line_1_28' title="bbox 100 2345 1277 2401; baseline 0 -13"><span class='ocrx_word' id='word_1_161' title='bbox 100 2345 231 2389; x_wconf 89' lang='lat' dir='ltr'><strong>Unum</strong></span> <span class='ocrx_word' id='word_1_162' title='bbox 261 2345 343 2388; x_wconf 89' lang='lat' dir='ltr'><strong>hoc</strong></span> <span class='ocrx_word' id='word_1_163' title='bbox 373 2345 493 2400; x_wconf 85' lang='lat' dir='ltr'><strong>adde,</strong></span> <span class='ocrx_word' id='word_1_164' title='bbox 523 2347 641 2400; x_wconf 89' lang='lat' dir='ltr'><strong>liber,</strong></span> <span class='ocrx_word' id='word_1_165' title='bbox 675 2360 759 2389; x_wconf 90' lang='lat' dir='ltr'><strong>non</strong></span> <span class='ocrx_word' id='word_1_166' title='bbox 785 2352 825 2388; x_wconf 89' lang='lat' dir='ltr'><strong>te</strong></span> <span class='ocrx_word' id='word_1_167' title='bbox 853 2359 928 2401; x_wconf 91' lang='lat' dir='ltr'><strong>pro</strong></span> <span class='ocrx_word' id='word_1_168' title='bbox 962 2359 1132 2389; x_wconf 90' lang='lat' dir='ltr'><strong>munere</strong></span> <span class='ocrx_word' id='word_1_169' title='bbox 1161 2348 1277 2401; x_wconf 82' lang='lat' dir='ltr'><strong>mitti,</strong></span> 
     </span>
     <span class='ocr_line' id='line_1_29' title="bbox 209 2414 1040 2471; baseline -0.002 -12"><span class='ocrx_word' id='word_1_170' title='bbox 209 2414 294 2459; x_wconf 90' lang='lat' dir='ltr'><strong>Sed</strong></span> <span class='ocrx_word' id='word_1_171' title='bbox 323 2414 394 2458; x_wconf 85' lang='lat' dir='ltr'><strong>fidi</strong></span> <span class='ocrx_word' id='word_1_172' title='bbox 422 2417 571 2471; x_wconf 86' lang='lat' dir='ltr'><strong>pignus</strong></span> <span class='ocrx_word' id='word_1_173' title='bbox 602 2414 740 2457; x_wconf 85' lang='lat' dir='ltr'><strong>cordis</strong></span> <span class='ocrx_word' id='word_1_174' title='bbox 770 2419 811 2456; x_wconf 88' lang='lat' dir='ltr'><strong>et</strong></span> <span class='ocrx_word' id='word_1_175' title='bbox 839 2416 1040 2469; x_wconf 91' lang='lat' dir='ltr'><strong>obsequii.</strong></span> 
     </span>
     <span class='ocr_line' id='line_1_30' title="bbox 95 2481 1063 2538; baseline -0.002 -12"><span class='ocrx_word' id='word_1_176' title='bbox 95 2481 148 2526; x_wconf 89' lang='lat' dir='ltr'><strong>Et</strong></span> <span class='ocrx_word' id='word_1_177' title='bbox 178 2482 341 2526; x_wconf 88' lang='lat' dir='ltr'><strong>dabitur</strong></span> <span class='ocrx_word' id='word_1_178' title='bbox 370 2483 532 2538; x_wconf 57' lang='lat' dir='ltr'><strong>forsan5</strong></span> <span class='ocrx_word' id='word_1_179' title='bbox 559 2485 595 2526; x_wconf 91' lang='lat' dir='ltr'><strong>si</strong></span> <span class='ocrx_word' id='word_1_180' title='bbox 628 2483 812 2525; x_wconf 87' lang='lat' dir='ltr'><strong>crederis</strong></span> <span class='ocrx_word' id='word_1_181' title='bbox 839 2484 949 2525; x_wconf 87' lang='lat' dir='ltr'><strong>utilis</strong></span> <span class='ocrx_word' id='word_1_182' title='bbox 978 2483 1063 2537; x_wconf 87' lang='lat' dir='ltr'><strong>ulli,</strong></span> 
     </span>
     <span class='ocr_line' id='line_1_31' title="bbox 206 2550 1029 2611; baseline 0 -19"><span class='ocrx_word' id='word_1_183' title='bbox 206 2550 383 2611; x_wconf 83' lang='lat' dir='ltr'><strong>Augusti</strong></span> <span class='ocrx_word' id='word_1_184' title='bbox 413 2552 455 2593; x_wconf 93' lang='lat' dir='ltr'><strong>in</strong></span> <span class='ocrx_word' id='word_1_185' title='bbox 485 2550 628 2594; x_wconf 82' lang='lat' dir='ltr'><strong>forulis</strong></span> <span class='ocrx_word' id='word_1_186' title='bbox 658 2556 702 2593; x_wconf 87' lang='lat' dir='ltr'><strong>ut</strong></span> <span class='ocrx_word' id='word_1_187' title='bbox 730 2552 890 2605; x_wconf 90' lang='lat' dir='ltr'><strong>potiare</strong></span> <span class='ocrx_word' id='word_1_188' title='bbox 919 2550 1029 2593; x_wconf 87' lang='lat' dir='ltr'><strong>loco.</strong></span> 
     </span>
    </p>
   </div>
   <div class='ocr_carea' id='block_1_6' title="bbox 224 2651 1353 2708">
    <p class='ocr_par' dir='ltr' id='par_1_6' title="bbox 224 2651 1353 2708">
     <span class='ocr_line' id='line_1_32' title="bbox 224 2651 1353 2708; baseline -0.002 -12"><span class='ocrx_word' id='word_1_189' title='bbox 224 2706 226 2708; x_wconf 12' lang='lat' dir='ltr'>V</span> <span class='ocrx_word' id='word_1_190' title='bbox 265 2653 471 2708; x_wconf 82' lang='lat' dir='ltr'><strong>Scriptum</strong></span> <span class='ocrx_word' id='word_1_191' title='bbox 500 2653 655 2696; x_wconf 87' lang='lat' dir='ltr'><strong>Romae</strong></span> <span class='ocrx_word' id='word_1_192' title='bbox 684 2666 721 2695; x_wconf 86' lang='lat' dir='ltr'><strong>a.</strong></span> <span class='ocrx_word' id='word_1_193' title='bbox 755 2652 795 2694; x_wconf 90' lang='lat' dir='ltr'><strong>d.</strong></span> <span class='ocrx_word' id='word_1_194' title='bbox 827 2653 943 2695; x_wconf 93' lang='lat' dir='ltr'>XXII</span> <span class='ocrx_word' id='word_1_195' title='bbox 972 2651 1069 2695; x_wconf 86' lang='lat' dir='ltr'><strong>Maii</strong></span> <span class='ocrx_word' id='word_1_196' title='bbox 1099 2651 1353 2696; x_wconf 90' lang='lat' dir='ltr'><strong>MDCXCIX.</strong></span> 
     </span>
    </p>
   </div>
   <div class='ocr_carea' id='block_1_7' title="bbox 644 2748 950 2757">
    <p class='ocr_par' dir='ltr' id='par_1_7' title="bbox 644 2748 950 2757">
     <span class='ocr_line' id='line_1_33' title="bbox 644 2748 950 2757; baseline 0 401"><span class='ocrx_word' id='word_1_197' title='bbox 644 2748 950 2757; x_wconf 95' lang='lat' dir='ltr'><strong> </strong></span> 
     </span>
    </p>
   </div>
  </div>
 </body>
</html>
