1800 3132
203 166 267 218 20
297 167 302 176 “
611 171 909 218 mcEPnom
951 161 1255 216 eamcam

201 282 357 323 ἐκεῖνον
388 277 460 321 τὸν
485 280 640 334 μέγαν,
683 281 743 328 εἰς
774 280 1004 331 ἐπιθυμίαν
1048 278 1093 319 ἐκ
1118 278 1249 333 μόνης
1277 279 1347 332 τῆς
1374 278 1479 326 θέας
1506 268 1661 332 ἐληλυ-

200 345 336 399 θότα,
371 342 623 388 λούσασθαι.

151 434 185 467 2
331 411 500 454 Ἐκεῖνον
527 414 563 454 δ’
594 411 655 454 ἔτι
685 415 758 454 καί
785 414 913 453 πλείω
954 413 1127 453 τοιαῦτα
1155 412 1364 466 συνείρειν
1401 408 1659 464 βουλόμενον

199 478 327 534 ἔγωγε
355 479 556 532 ἐπισχών,
587 478 659 520 καί
683 477 726 520 τὸ
760 479 831 530 τῆς
863 476 1092 531 διηγήσεως
1118 475 1253 531 τεμών
1281 478 1467 530 συνεχές,
1495 476 1657 518 α’ναλα.
1715 470 1723 477 ’

198 548 287 600 βεῖν
316 545 390 587 τὸν
416 543 536 598 λόγον
571 546 758 586 ἐκέλευον
788 536 916 591 αὖθις
948 544 1019 583 καί
1048 542 1317 596 ιῖνερωταῖντί
1333 558 1406 596 μοι
1436 543 1691 596 duasepist-5

200 615 304 653 σθαι
344 611 617 664 πατριαρχῶν
652 624 698 650 τε
727 610 821 660 πέρι
864 609 934 649 καί
975 607 1238 664 ἐπισκόπων,
1271 605 1363 651 ὅσοι
1395 610 1553 650 διέπειν
1587 607 1659 648 καί

202 679 373 718 διοικεῖν
415 673 487 724 τοὶς
514 678 721 729 ἐπαρχίας
759 674 919 722 ἐκείνας
947 671 1017 715 τὸν
1059 672 1283 728 ἱερώτερον
1313 672 1466 727 ἔλαχον
1493 671 1659 728 τρόπον.

201 743 273 786 καί
300 740 552 797 ἐμεμφόμην
589 742 782 789 ἐπιεικῶς
823 741 898 795 τῆς
938 738 1071 795 λήθης
1104 740 1174 783 τὸν
1204 737 1369 795 ἄνδρα,
1396 735 1460 782 ὅτι
1489 739 1573 782 τῶν
1600 736 1658 792 μὴ

200 807 311 852 πάνυ
340 825 382 850 τι
432 809 670 861 α’ναγκαίων
715 805 845 861 ἔμοιγ’
887 807 1054 848 α’κούειν
1084 809 1127 849 ἐν
1163 806 1359 863 φροντίδι
1386 805 1660 863 ποιησόμενος

200 879 249 933 τῇ
280 875 454 932 μεγίστῃ
486 875 697 926 διεξιέναι,
724 867 781 914 ὧν
811 872 908 927 ἡμῖν
936 871 979 921 ἐς
1007 872 1058 914 τὰ
1088 873 1264 925 μάλισθ’
1294 870 1461 928 ὑπῆρχε
1486 870 1660 925 μανθά-
1674 877 1717 912 10

201 959 288 986 νειν
319 932 510 995 ἀνάγκη,ν
530 942 601 981 καί
638 934 697 981 ὧν
726 941 944 992 εὐσεβείας
971 940 1088 981 ἕνεκα
1118 937 1299 999 ἑσπέρας
1336 941 1409 981 καί
1449 938 1568 994 π’ρωῖ·
1589 938 1660 978 καὶ

200 1006 465 1063 μεσημβρίας
487 1006 656 1048 α’κούειν
676 1002 795 1061 ἥδιον
816 1004 955 1057 ἔδοξεν
980 1002 1030 1047 ἅν
1046 1021 1118 1058 μοι
1146 1002 1172 1059 ἢ
1193 1007 1382 1060 Κροίσου
1411 1006 1488 1048 τοῦ
1507 1004 1661 1046 Λυδοῦ

199 1076 372 1130 χρυσαῖν
400 1089 473 1127 μοι
493 1077 683 1127 χοίνικας
713 1075 1020 1126 παρεχομένου,
1052 1071 1213 1114 τούτων
1236 1074 1273 1114 δ’
1299 1069 1427 1120 αὐτ-ὂς
1455 1069 1532 1125 τήν
1549 1064 1662 1127 μνή-

201 1157 285 1195 μην
313 1140 443 1195 λήθης
472 1144 648 1194 μακροῖς
678 1141 889 1191 πυθμέσιν
917 1140 1153 1194 ἐκάλυψεν,
1184 1134 1322 1191 ὥσπερ
1357 1132 1408 1180 ἂν
1428 1137 1468 1179 εἷ
1491 1134 1550 1191 μή
1580 1136 1660 1178 av'-

200 1205 271 1257 τός
301 1202 350 1262 ἦν
381 1206 403 1247 ὅ
427 1209 629 1260 προοιμια
659 1207 741 1246 τῶν
771 1207 983 1261 σφετέρων
1002 1203 1229 1259 πεπραχώς
1259 1202 1488 1260 διηγήσεων
1515 1200 1566 1246 τοὶ
1588 1204 1662 1257 τῆς
1676 1206 1719 1240 15

202 1275 420 1327 ἐκκλησίας
453 1272 659 1326 ναυάγια,
694 1267 759 1313 ὅτι
787 1273 866 1313 τῶν
909 1274 1096 1325 πατρίων
1126 1272 1314 1322 νομίμων
1344 1271 1419 1325 τῆς
1445 1270 1663 1323 εὐσεβείας

43 1357 70 1393 f,
89 1355 136 1392 99
151 1354 186 1391 b,
202 1339 456 1393 ἐπίπροσθεν
483 1336 534 1379 τὰ
555 1340 628 1379 τοῦ
652 1339 846 1390 Παλαμᾶ
874 1337 994 1379 καινά
1017 1353 1058 1379 τε
1088 1339 1160 1378 καί
1173 1339 1205 1363 “
1221 1335 1409 1389 ἕκθεσμα
1436 1337 1665 1391 παρεισρέ-

204 1422 301 1448 οντα
320 1403 548 1461 πεφώρακε
579 1403 784 1458 δόγματα,
815 1404 887 1446 καί
913 1402 1072 1459 ταύτην
1100 1405 1293 1452 ἐπιεικῶς
1313 1403 1461 1446 ἀἰτίαν
1489 1405 1664 1454 τιθέμε-

204 1487 272 1521 νος
302 1474 375 1526 τῆς
401 1486 444 1513 τε
473 1471 555 1512 τῶν
583 1473 806 1512 πολιτικῶν
835 1469 905 1512 ἐπὶ
933 1468 978 1511 τό
1014 1475 1159 1524 χεῖρον
1188 1467 1448 1525 πραγμάτων
1476 1467 1662 1524 ἀνατρο-

206 1539 287 1592 πῆς
329 1536 401 1580 καί
437 1533 528 1590 ἅμα
572 1536 644 1592 τῆς
689 1538 886 1579 ἐντεῦθεν
933 1538 1133 1587 αἶκουσίου
1177 1538 1315 1593 φυγῆς
1350 1535 1522 1579 ἑαυτοῦ.
1593 1535 1721 1579 καί20

210 1608 303 1647 τίνα
330 1604 411 1658 γὰρ
441 1599 570 1659 ἄλλην
602 1602 732 1658 ἐχρῆν
761 1619 808 1644 σε
841 1609 1092 1658 συναγαγεῖν
1123 1602 1336 1656 ἱστορίαν,
1364 1604 1558 1656 βέλτιστε
1587 1603 1664 1658 φί-

206 1675 317 1724 λων,
351 1669 564 1726 ἔφασκον,
593 1670 901 1725 Ἀγαθοὶγγελε;
930 1672 1022 1712 τίνα
1054 1672 1090 1712 δ’
1123 1665 1253 1724 ἄλλην
1294 1673 1467 1728 κρείττω
1498 1668 1571 1710 καί
1596 1683 1664 1710 τι-

205 1739 422 1791 μιωτέραν
450 1737 604 1791 ταύτης
642 1736 783 1794 ᾠήθης
813 1738 910 1790 ἐμοὶ
947 1743 1104 1789 κομιεῖν
1145 1734 1358 1792 ’ἀφήγησιν
1387 1734 1565 1792 ἔξωθεν,
1596 1741 1669 1776 καί

207 1924 483 1970 praeterfluens,
521 1926 556 1958 in
594 1935 663 1970 quo
698 1925 840 1958 flumine
864 1925 1068 1959 Alexander
1100 1925 1245 1969 Magnus
1274 1926 1352 1960 solo
1394 1926 1470 1959 eius
1495 1925 1663 1970 adspectu

209 1973 401 2016 cupiditate
426 1973 593 2006 incensus
619 1983 698 2006 sese
723 1972 863 2006 lavasse
889 1972 1026 2006 dicitur.
1070 1971 1094 1990 ⁰

343 2035 457 2077 Quum
484 2045 570 2069 vero
603 2035 666 2068 ille
694 2035 892 2069 huiusmodi
920 2035 1021 2078 plura
1053 2036 1190 2069 referre
1222 2035 1308 2069 mihi
1333 2035 1467 2078 vellet,
1503 2037 1665 2081 equidem

209 2092 287 2115 eum
313 2082 542 2126 prohibebam
571 2087 605 2115 et
628 2083 840 2116 narrationis
870 2082 973 2116 huius
999 2083 1264 2116 continuatione
1289 2083 1399 2116 incisa
1424 2083 1467 2116 ab
1494 2094 1536 2117 eo
1563 2091 1666 2131 pete-

219 2130 311 2171 bam,
338 2135 376 2162 ut
400 2130 442 2162 ad
468 2138 663 2163 sermonem
689 2140 855 2163 reversus
881 2130 1113 2173 responderet
1136 2130 1222 2163 mihi
1247 2131 1478 2175 interroganti
1502 2127 1668 2176 depatri-

216 2176 338 2210 archis
367 2182 401 2209 et
426 2177 617 2220 episcopis,
645 2178 703 2221 qui
730 2176 810 2210 illas
835 2178 1037 2219 provincias
1069 2178 1206 2210 ratione
1238 2177 1414 2210 sanctiore
1451 2177 1668 2221 gubernandi

208 2229 314 2268 atque
343 2224 604 2257 administrandi
628 2234 751 2257 munus
776 2224 891 2257 sortiti
920 2229 1049 2258 essent.
1079 2223 1209 2256 homini
1236 2229 1351 2257 autem
1377 2224 1482 2258 valde
1508 2226 1667 2261 oblivio-

207 2281 293 2304 nem
318 2271 354 2303 in
384 2270 611 2314 opprobrium
638 2271 750 2312 verti,
778 2271 870 2314 quod
896 2282 952 2305 res
983 2271 1121 2314 quidem
1146 2280 1217 2303 non
1243 2271 1293 2303 ita
1327 2271 1413 2304 mihi
1447 2273 1566 2307 auditu
1599 2284 1668 2308 ne..

213 2318 387 2351 cessarias
411 2327 558 2351 narrare
583 2322 649 2350 tam
679 2319 782 2351 enixe
807 2318 989 2359 studeret,
1015 2318 1215 2351 memoriam
1247 2323 1362 2351 autem
1397 2328 1513 2352 earum
1538 2331 1666 2362 rerum,

212 2374 302 2409 quae
326 2363 431 2397 nobis
454 2365 603 2397 maxime
628 2364 897 2408 cognoscendae
925 2370 1043 2399 essent
1068 2370 1103 2398 et
1121 2375 1206 2408 quas
1222 2365 1364 2408 pietatis
1390 2376 1493 2400 causa
1517 2377 1669 2411 vespera

212 2417 248 2444 et
278 2420 381 2444 mane
410 2416 445 2444 et
469 2412 616 2445 meridie
643 2413 763 2445 audire
791 2411 927 2446 dulcius
942 2412 1027 2445 mihi
1049 2412 1230 2446 videretur
1254 2422 1355 2456 quam
1381 2414 1411 2446 si
1430 2413 1582 2449 Croesus
1595 2414 1668 2458 Ly..

210 2458 272 2499 dus
299 2459 375 2491 auri
411 2458 495 2491 mihi
541 2459 676 2492 modios
708 2459 922 2503 largiretur,
960 2458 1143 2492 oblivione
1181 2459 1453 2502 profundissima
1480 2461 1668 2501 obruisset,

214 2506 317 2548 quasi
342 2515 413 2538 non
440 2506 518 2548 ipse
548 2511 641 2540 esset
669 2507 723 2547 is,
751 2507 810 2550 qui
836 2506 973 2539 initium
999 2516 1137 2539 suarum
1163 2507 1399 2539 narrationum
1423 2507 1466 2540 ab
1493 2507 1669 2542 ecclesiae

212 2551 413 2595 naufragiis
440 2552 609 2594 duxisset,
636 2554 729 2596 quod
755 2563 819 2596 pro
845 2553 968 2595 patriis
995 2553 1180 2597 religionis
1208 2553 1374 2587 institutis
1391 2553 1551 2588 Palamae
1575 2563 1671 2588 nova

212 2604 317 2643 atque
347 2598 538 2643 illegitima
562 2600 724 2644 dogmata
751 2601 910 2642 irrepere
937 2599 1085 2633 vidisset
1100 2600 1206 2643 idque
1229 2601 1341 2643 ipsum
1366 2610 1430 2644 pro
1450 2611 1554 2635 causa
1580 2611 1670 2635 eon..

215 2645 392 2680 versionis
434 2655 549 2678 rerum
576 2647 794 2689 publicarum
821 2647 858 2679 in
881 2646 1093 2679 deteriorem
1119 2646 1355 2680 conditionem
1384 2657 1539 2692 suaeque
1562 2649 1670 2682 invo-

210 2692 389 2726 luntariae
418 2691 525 2736 fugae
564 2692 758 2727 habuisset.
819 2703 1022 2737 „quamnam
1055 2702 1142 2727 vero
1180 2693 1307 2735 aliam,
1340 2695 1501 2738 inquam,
1541 2695 1670 2739 optime

216 2740 409 2775 amicorum
418 2739 680 2783 Agathangele,
698 2739 860 2786 ‚debebas
876 2739 1078 2783 colligere?
1103 2750 1205 2785 quam
1222 2740 1326 2774 aliam
1343 2743 1580 2776 narrationem
1605 2741 1671 2776 bac
