1826 3120
369 148 695 217 'ms-roma
724 168 1070 215 ommium
1107 169 1232 212 xxx.
1266 156 1317 211 3.
1361 152 1413 211 4.
1555 161 1652 210 269

16 292 37 338 ΡΙ
104 329 114 334 .-
179 282 254 340 τῆς
283 277 399 336 ὥρας
419 277 608 334 βίαιον.”
657 277 678 319 ὁ
708 279 754 321 δὲ
773 280 815 322 Γ
812 279 995 334 ρηγορᾶς
1024 274 1252 330 ὑπολαβών
1291 273 1423 331 φησίν
1453 270 1542 324 “034-
1570 271 1651 329 ἐγώ
1669 285 1703 319 4

35 343 38 346 ’
181 351 222 392 δ’
250 349 298 391 ἐκ
326 347 485 390 πολλοῦ
502 344 569 388 'td
598 348 671 402 τῆς
705 348 926 401 θεολογιάς
952 343 1171 399 μυστήρια
1200 345 1347 400 φέρειν
1377 341 1448 384 διὰ
1477 345 1655 396 χειλέων

183 417 239 459 ου’
263 412 382 470 μάλα
411 416 578 469 τολμῶν
604 412 712 456 οἷλλὰ
737 417 924 470 φρίττων
952 415 1023 455 καί
1052 411 1182 466 ἀκοὴν
1209 410 1283 453 καί
1309 410 1515 462 διάνοιαν,
1549 409 1657 451 α’πε-

31 471 37 537 }
182 483 328 541 uq'dmv
357 481 492 530 εὐθὺς
530 481 587 532 αἷς
624 480 707 523 α’πὸ
750 480 894 535 πυρός.
968 476 1073 522 ὅπου
1121 477 1203 534 γὰρ
1243 483 1330 527 τοῖς
1356 477 1554 532 μεγάλοις
1585 479 1660 518 καί

29 546 32 551 ’
147 549 355 607 δσφόδρα
386 553 537 604 σοφοῖς
585 546 859 596 διδασκάλοις
891 548 1049 603 ἐκείνης
1081 548 1155 600 τῆς
1197 546 1419 600 ἐκκλησίας
1459 544 1660 586 α’ποσειέ-

27 615 36 666 ,ἶ
181 620 288 660 σθαι
319 614 397 671 τήν
429 617 668 671 ἐγχείρησιν
700 614 940 669 ὁλοσχερῶς
961 616 1222 669 συνέβαινεν,
1251 606 1377 668 ἦπου
1409 612 1544 665 μανία
1576 628 1660 654 σα-

26 692 28 694 ’
183 682 267 741 φὴς
297 683 407 738 ἡμᾶς
437 683 646 736 ἐγχειρεῖν
673 687 758 731 τοῖς
787 682 1006 734 τοιούτοις,
1036 682 1143 737 μηδὲ
1173 679 1306 735 μικροὶ
1334 681 1437 734 γοῦν
1473 680 1556 722 τῶν
1577 674 1659 720 ὅσα

181 749 338 795 ἐκεῖνοι
368 751 526 804 μαθεῖν
554 766 620 790 πω
662 750 983 804 δεδυνημένους.
1064 750 1135 790 καί
1166 750 1235 790 ἵνα
1276 746 1322 789 τὸ
1354 750 1446 789 κατ’
1473 746 1660 799 ἐμαυτὸν

183 814 411 871 α’ναλαβών
441 814 710 872 διηγήσωμαι
739 815 1016 870 τελεώτερον,
1053 813 1165 863 ὅπως
1208 813 1369 870 δηλαδή
1400 813 1532 866 κα’μοι“
1558 811 1661 866 πρὸς

108 875 260 940 1ιθτῆν
299 883 500 938 τοιαύτην
546 886 590 936 ἐξ
638 883 776 938 α’ρχῆς
806 880 1014 925 ὑπόθεσιν
1054 885 1304 938 διατεθῆναι
1344 882 1660 934 συμπέπτωκεν,

183 954 279 998 ἐπεὶ
303 950 411 1006 μετὰ
442 950 510 994 τὸν
537 953 611 994 τοῦ
643 948 870 994 θειοτάτου
910 953 983 993 καί
1013 954 1253 1006 μακαρίτου
1284 948 1441 1004 πατρός
1470 964 1546 991 σου
1577 946 1662 990 θοὶ-

183 1036 326 1074 νατον,
357 1021 435 1063 τοῦ
479 1020 679 1073 αόιδίμου
712 1020 825 1073 φημί
851 1021 1061 1073 βασιλέως
1094 1020 1285 1071 ἐκείνου,
1314 1014 1420 1070 πρὸς
1451 1013 1661 1072 ἐμφύλιον
1676 1023 1701 1058 f.
1720 1023 1826 1060 1331.

183 1085 334 1132 στάσιν
369 1086 419 1130 τοὶ
447 1086 673 1141 Ῥωμαίων
714 1087 875 1142 ἠγέρθη
919 1086 1146 1141 πράγματα
1187 1084 1260 1127 καί
1302 1080 1392 1138 ἅμα
1434 1081 1540 1125 κατά
1577 1085 1661 1125 τῶν

183 1157 315 1199 θείων
334 1155 407 1210 τῆς
431 1153 652 1209 ἐκκλησίας
682 1153 902 1210 δογμάτων
921 1153 974 1196 τὰ
1009 1155 1205 1209 χείριστα
1228 1151 1335 1208 πρὸς
1357 1155 1505 1194 κακίαν
1533 1151 1661 1205 ἀνέρ-

127 1236 170 1271 15
185 1238 295 1280 ρωγε
325 1223 503 1277 κύματα,
535 1221 610 1264 καί
635 1219 776 1277 ὥσπερ
811 1222 855 1263 ἐν
880 1223 1067 1276 χειμῶνι
1097 1220 1172 1262 καί
1199 1220 1319 1263 νυκτί
1334 1217 1386 1261 τὰ
1420 1219 1555 1261 πάντα
1590 1217 1663 1270 ζό-

184 1305 265 1348 φος
291 1285 356 1346 ἢν,
387 1286 444 1340 αἶς
464 1292 574 1347 μηδὲ
608 1286 792 1346 ἄστροις,
817 1289 863 1332 τὸ
898 1287 1233 1344 θρυλλούμενον,
1269 1284 1364 1329 ὅποι
1397 1283 1576 1344 φέροιτο
1600 1301 1662 1335 τις

185 1358 404 1404 δύνασθαι
431 1360 735 1415 τεκμαίρεσθαι
761 1392 772 1412 ,
815 1357 888 1399 καί
926 1357 1044 1399 πάντ’
1086 1351 1174 1398 ἄνω
1205 1359 1277 1398 καί
1306 1354 1418 1397 κάτω
1446 1355 1663 1409 μεταπίπ-

184 1442 309 1469 τοντα
347 1423 463 1481 παρά
505 1427 702 1469 τοσοῦτον
747 1429 791 1468 ἐκ
825 1428 899 1468 τοῦ
942 1424 1144 1479 σύνεγγυς
1184 1424 1314 1466 ἐτίθει
1342 1439 1386 1466 τε
1425 1421 1498 1464 καί
1538 1420 1657 1475 μάλα

183 1496 267 1550 τῶν
293 1494 579 1547 ἐλπιζομένων
617 1488 810 1543 ἑκάστοις
850 1492 981 1536 ἐποίει
1026 1493 1376 1534 τό«ε’πικι’νδυνον
1418 1490 1519 1544 παρ’
1562 1486 1660 1530 ὅσον

127 1561 334 1616 Ωοπόρρω
366 1563 440 1603 καί
468 1559 645 1603 δύσελπι
676 1562 894 1617 τάσφαλές
931 1561 995 1615 (έν
1025 1559 1104 1614 γαρ
1137 1560 1389 1615 διχοστασίῃ
1430 1559 1560 1613 φησίν
1589 1554 1662 1597 τόν

184 1629 263 1681 μὲν
289 1627 508 1683 πάγκακον
537 1624 767 1683 τυγχάνειν
796 1631 946 1683 τιμῆς,
993 1626 1063 1669 τὸν
1109 1629 1154 1669 δὲ
1187 1625 1259 1668 καί
1301 1625 1501 1667 ὁπωσοῦν
1534 1624 1663 1677 μετέ-

185 1711 318 1750 χοντα
348 1697 426 1751 τοῦ
453 1698 666 1750 βελτίονος
685 1695 855 1752 θρήνων
882 1694 1064 1750 πάσχειν
1095 1690 1192 1746 ἄξια
1220 1694 1293 1735 καί
1316 1693 1522 1749 τραγικῶν
1553 1692 1666 1733 α’πο-

187 1763 338 1806 λαύειν
364 1766 449 1807 τῶν
479 1765 767 1821 συμφορῶν),
814 1764 898 1805 ταῖν
927 1765 1165 1818 ’κρατίστων
1207 1757 1321 1804 εἶναι’
1343 1775 1418 1814 μοι
1447 1758 1522 1803 τὸν
1551 1754 1664 1814 ἦσυ’-

186 1846 284 1886 χιον
311 1829 451 1884 ἔδοξεν
479 1833 572 1886 βίον
601 1827 802 1886 ἑλέσθαι,
836 1833 921 1874 τῶν
954 1832 1185 1885 βασιλικῶν
1224 1830 1424 1889 οἷφεμένῳ
1457 1826 1663 1884 θεάτρων.

191 2025 341 2068 omitto,
377 2033 455 2058 cum
490 2026 672 2070 angustias
714 2027 884 2070 temporis
910 2026 1025 2060 vitare
1054 2035 1125 2058 non
1152 2025 1297 2069 possim.
1361 2024 1538 2069 Gregoras
1564 2024 1664 2058 refe-

191 2083 302 2108 rens:
333 2073 517 2117 equidem,
552 2074 692 2118 inquit,
731 2085 807 2107 cum
847 2084 890 2107 ex
924 2073 1033 2118 longo
1063 2079 1223 2117 tempore
1258 2071 1467 2116 theologiae
1494 2073 1666 2116 mysteria

193 2121 231 2154 in
259 2130 323 2155 ore
350 2120 484 2155 habere
522 2132 594 2155 non
621 2122 725 2155 valde
752 2122 941 2163 auderem,
978 2121 1041 2155 sed
1068 2131 1188 2154 eorum
1217 2126 1252 2154 et
1284 2121 1409 2154 famam
1437 2125 1472 2154 et
1497 2121 1666 2154 iudicium

195 2168 400 2211 horrerem,
436 2169 551 2203 statim
586 2175 750 2213 tanquam
791 2169 835 2203 ab
868 2170 951 2213 igne
978 2180 1034 2202 me
1069 2169 1220 2202 removi,
1270 2178 1349 2202 nam
1375 2167 1435 2201 ubi
1464 2169 1600 2212 magnis
1631 2172 1666 2201 et

146 2240 149 2246 .
195 2216 303 2251 valde
329 2216 441 2250 doctis
460 2217 757 2261 praeceptoribus
776 2217 874 2250 illius
901 2217 1078 2250 ccclesiae
1104 2217 1444 2250 administrationem
1463 2221 1502 2249 ut
1521 2216 1664 2250 omnino

198 2269 408 2301 excuterent
433 2265 575 2307 accidit,
602 2275 722 2298 nonne
749 2271 872 2309 aperte
907 2265 1142 2298 insaniremus
1178 2264 1207 2297 si
1245 2264 1332 2297 talia
1368 2269 1520 2298 tractare
1544 2263 1665 2298 velle-

196 2323 287 2354 mus,
316 2323 394 2346 cum
420 2323 466 2346 ne
492 2323 605 2356 pauca
633 2314 772 2357 quidem
801 2323 921 2346 eorum
949 2324 1040 2357 quae
1067 2311 1123 2345 illi
1149 2313 1289 2345 discere
1312 2313 1544 2355 potuerimus.
1609 2316 1666 2345 at-

198 2371 267 2405 que
291 2365 331 2393 ut
354 2361 425 2394 mei
449 2362 588 2394 ratione
628 2362 746 2394 habita
772 2360 913 2404 planius
945 2370 1139 2404 exponam,
1170 2370 1240 2405 quo
1267 2360 1383 2393 animo
1411 2359 1580 2403 paulatim
1607 2359 1665 2393 af..

199 2409 315 2442 fectus
340 2408 406 2443 sim
430 2409 467 2442 in
493 2408 565 2442 tale
599 2414 703 2442 antea
742 2414 953 2452 conceptum
980 2408 1224 2452 propositum,
1265 2418 1367 2449 cum,
1404 2412 1542 2441 mortuo
1568 2408 1666 2442 divi-

198 2457 345 2491 nissimo
373 2462 409 2490 et
431 2456 536 2490 beato
562 2463 662 2501 patre
691 2463 766 2499 tuo,
794 2457 891 2490 claro
919 2456 983 2490 illo
1012 2466 1112 2500 rege,
1138 2466 1196 2489 res
1224 2457 1437 2490 Graecorum
1467 2456 1503 2488 in
1530 2454 1665 2488 tumul..

199 2511 271 2539 turn
298 2504 443 2539 civilem
469 2504 730 2539 adducerentur
758 2511 792 2538 et
818 2504 943 2537 ssuctus
968 2504 1156 2537 miserrimi
1181 2504 1216 2536 in
1243 2504 1364 2537 divina
1393 2502 1570 2536 ecclesiae
1596 2504 1664 2537 do-

200 2557 317 2598 gmata
340 2559 612 2596 prorumperent
639 2559 673 2586 et
700 2553 799 2587 velut
826 2558 949 2585 coorta
978 2556 1189 2595 tempestate
1217 2557 1252 2584 et
1287 2556 1392 2584 nocte
1418 2552 1533 2585 omnia
1558 2556 1666 2585 tene-

200 2601 275 2634 bris
300 2600 421 2634 essent
446 2600 620 2643 involuta,
648 2601 696 2634 ita
723 2606 771 2642 ut,
800 2600 892 2644 quod
920 2599 1030 2645 vulgo
1058 2600 1178 2632 dicere
1207 2598 1350 2640 solent,
1377 2609 1494 2639 ¹nemo
1522 2610 1541 2632 e
1566 2599 1666 2633 side-

201 2648 299 2682 ribus
326 2647 503 2692 colligere
530 2654 676 2692 posset‚
718 2659 787 2693 quo
815 2650 987 2689 ferretur,
1016 2657 1165 2691 cumque
1193 2648 1308 2680 omnia
1334 2647 1519 2691 surgentia
1548 2652 1583 2681 et
1603 2657 1668 2680 ca-

201 2696 322 2730 dentia
351 2701 497 2730 eatenus
523 2707 587 2740 pro
616 2698 869 2730 coniunctione
897 2697 1094 2728 excitarent
1120 2700 1155 2728 et
1180 2696 1329 2728 maxime
1358 2705 1411 2737 ea,
1449 2705 1540 2739 quae
1567 2695 1668 2740 quis-

202 2754 272 2788 que
297 2749 482 2787 speraret,
516 2745 552 2778 in
587 2744 782 2789 periculum
826 2748 1017 2785 vocarent,
1044 2748 1216 2787 quatenus
1248 2748 1383 2775 remota
1423 2748 1457 2776 et
1482 2742 1670 2787 desperata

202 2796 300 2830 esset
322 2791 432 2828 salus.
482 2803 560 2829 uam
585 2794 622 2829 in
647 2794 795 2829 sedione
835 2793 884 2827 ait
909 2798 1015 2839 poeta
1043 2791 1235 2837 pessimum
1262 2801 1404 2837 quoque
1430 2791 1573 2839 assequi
1599 2790 1669 2826 ho..
