1786 3138
243 138 343 191 504
504 140 514 187 ,ἰ
658 138 954 185 Nlcm’nom
1003 135 1311 185 GREGORAE
1439 181 1446 183 Δ
1500 146 1547 188 ·:

243 252 496 294 λάτττεσθαι
523 251 584 307 τῷ
603 247 798 305 Λατίνῳ,
832 245 877 297 ὃς
901 246 963 290 ἐπ’
997 245 1164 303 ἀδελφῇ
1190 242 1382 302 γαμβρὸς
1409 243 1627 304 ὑπάρχων
1643 261 1702 305 τῳ

241 321 417 372 βασιλεῖ
440 318 577 372 πάσης
607 315 861 371 ἐπετρόπευε·
890 315 1064 369 Λέσβου
1094 314 1169 368 τῆς
1197 309 1341 369 νήσου.
1382 307 1451 355 ὀὗ
1477 307 1699 370 γενομένου

191 385 227 419 θ
244 385 373 441 ἀπῄει
392 385 470 439 μὲν
491 385 563 426 καί
592 384 633 433 ἐς
651 382 854 425 Φώκαιαν
884 378 1010 430 αὖθις
1042 380 1113 423 διὰ
1140 379 1211 423 τὸν
1243 379 1538 437 τοῧὙρκανοῧ
1565 382 1701 429 παῖδα

244 450 268 494 ὅ
297 451 506 505 βασιλεύς,
538 450 719 504 ἐπανῆκε
750 450 788 490 δ’
823 447 944 490 οὐδὲν
972 442 1029 489 ὧν
1054 447 1245 502 ἐβούλετο
1275 447 1518 504 πεπραχώς.
1573 447 1647 490 καί
1677 445 1700 490 ὅ

70 515 181 555 Ῑ·252
195 528 227 554 ⁸·
239 517 402 572 χειμών
431 518 475 559 ἐν
502 516 661 566 τούτοις
688 516 892 557 ἐτελεύτα.
949 514 1309 570 ἐπανεληλυθότος
1337 516 1374 557 δ’
1399 515 1444 564 ’ἐς
1467 515 1738 568 Βυζάντιονδ,

243 582 369 634 αὖθις
411 585 484 626 τοῦ
525 581 737 637 βασιλέως
774 583 957 632 ἐκεῖθεν,
998 578 1102 638 ἦρος
1150 579 1231 637 ἤδη
1272 580 1523 637 ἀρχομένου,
1554 580 1701 640 κατῄει

241 651 314 693 καί
343 649 365 692 ὅ
394 650 613 705 βάρβαρος
654 646 847 704 Ὑρκανὸς
877 649 921 690 ἐκ
965 649 1049 690 τῶν
1078 646 1353 704 ὗψηλοτέρων
1388 649 1462 703 τῆς
1487 648 1700 698 Βιθυνίας

238 719 380 773 μερῶν
426 714 529 771 ἄχρι
567 716 649 756 τῶν
686 714 909 770 παραλίων
949 710 1023 769 τῆς
1063 714 1360 770 Χαλκηδονίοις
1388 706 1597 771 ἠπείρου,
1626 715 1699 758 καί

241 782 450 838 ὡμίλησεν
493 783 654 824 ἐκεῖθεν
690 783 751 837 τῷ
779 783 965 835 ’βασιλεῖ’
1002 782 1075 823 καὶ
1114 780 1456 837 ἐκοινολογήσατο
1498 781 1698 838 περὶτοῦ

239 848 366 898 υἱέως
395 844 534 899 αὖθις,
565 847 636 889 οῦκ
665 846 1005 904 αὖτοπροσαὶπως
1032 845 1139 889 ἀλλὰ
1167 850 1220 890 δι’
1253 847 1436 890 ἀκατίων
1463 846 1539 890 καί
1565 846 1695 904 πρέσ-
1710 851 1754 888 10

238 917 348 969 βεων
382 913 463 956 ἀπὸ
493 913 679 970 βραχέος
709 913 819 956 πάνυ
840 915 932 955 ’τοῦ
961 913 1263 968 διαστήματος,
1291 913 1499 970 ἐγγυτέρω
1525 912 1697 970 γενομέ-

238 997 313 1023 νου
344 982 419 1023 τοῦ
446 981 658 1035 βασιλέως
704 979 776 1022 διὰ
819 980 1038 1037 ῥαστώνην
1084 982 1156 1035 τῆς
1180 981 1353 1037 χρείας,
1385 980 1457 1031 καί
1484 979 1591 1035 μετὰ
1617 983 1699 1024 τῶν

184 1084 190 1090 .
241 1047 405 1090 οἶκείων
422 1045 562 1088 ἐπάνω
591 1047 665 1089 τοῦ
695 1038 854 1103 πύργου
885 1045 958 1101 τὴν
978 1045 1131 1102 σκηνὴν
1148 1046 1402 1102 πηξαμένου,
1437 1044 1484 1097 ὃς
1511 1047 1555 1089 ἒν
1580 1047 1695 1103 μέσῳ

237 1116 310 1169 τῆς
348 1111 505 1167 μεταξὺ
548 1113 759 1169 θαλάττης
803 1114 847 1154 ἐκ
892 1114 1077 1154 παλαιοῦ
1105 1111 1298 1169 πεπηγώς
1318 1112 1483 1170 ’Ἀρκλα
1508 1116 1700 1155 καλεῖται

192 1187 219 1221 2
239 1179 347 1236 πρὸς
374 1180 635 1232 Βυζαντίων.
695 1179 775 1222 ὅσα
804 1181 881 1235 μὲν
923 1176 997 1221 οὖν
1025 1180 1098 1223 καί
1130 1175 1199 1221 οἷα
1238 1177 1289 1235 ἦν
1321 1178 1427 1236 ἅπερ
1455 1180 1604 1237 σφίσιν
1637 1178 1754 1233 εἶ’-15

240 1247 369 1302 ρηταί
393 1263 436 1289 τε
462 1247 534 1291 καί
564 1248 811 1303 ἐπήγγελται
836 1249 1061 1303 τηνικαῦτα
1082 1246 1153 1290 διὰ
1172 1250 1254 1290 τῶν
1277 1246 1434 1302 μεταξὺ
1464 1247 1696 1303 πρέσβεων,

236 1313 401 1370 ἡμέρας
439 1314 698 1369 ἀνηλωκόσιν
728 1315 925 1356 ’ἐνταῦθα
950 1319 1089 1370 τρεῖς,
1130 1315 1203 1357 καί
1231 1315 1322 1364 οἵας
1352 1314 1459 1370 πρὸς
1491 1314 1697 1369 ἀλλήλους

238 1382 312 1430 τάς
340 1397 384 1423 τε
415 1381 624 1433 δεξιώσεις
651 1381 724 1424 καί
745 1381 1063 1438 φιλοφροσύνας
1084 1385 1344 1437 πεποίηνται,
1375 1381 1449 1424 οὐκ
1472 1381 1701 1437 ἀναγκαῖον

239 1449 436 1499 διεξιέναι
468 1451 569 1490 καθ’
597 1451 776 1491 ἕκαστα·
846 1446 892 1491 τὸ
925 1450 961 1490 δ’
989 1444 1062 1490 οὖν
1089 1451 1161 1504 τῆς
1189 1450 1358 1490 ἐνταῦθ’
1389 1446 1557 1503 ὄμιλίας
1586 1464 1695 1502 συμ-

236 1514 437 1570 πέρασμα
469 1513 540 1571 ἦν,
586 1514 650 1558 ὅτι
698 1514 931 1557 δεδώκασιν
977 1515 1169 1571 ἀλλήλοις
1214 1515 1363 1571 ἐγγύας
1407 1514 1480 1558 ἐπὶ
1511 1514 1763 1571 θυγατρίἷὶῡ,

236 1579 439 1635 γενέσθαι
471 1580 664 1637 γαμβρὸν
709 1583 771 1638 τῷ
813 1585 989 1636 βασιλεῖ
1018 1580 1090 1624 τὸν
1130 1581 1581 1638 ἐλευθερωθησόμενον
1623 1582 1698 1622 τοῦ

231 1644 431 1702 Ὑρκανοῦ
459 1650 622 1699 παῖδα,
665 1648 738 1690 καί
770 1647 858 1702 ἅμα
886 1644 994 1691 εἶναι
1025 1651 1224 1704 διηνεκεῖς
1260 1649 1333 1690 καί
1363 1647 1539 1697 ἀλύτους
1567 1663 1704 1703 σῖτον-ι

240 1711 316 1762 δὰς
343 1713 498 1767 μεταξύ
522 1714 747 1770 Ῥωμαίων
775 1731 820 1758 τε
850 1716 922 1757 καί
949 1716 1196 1772 βαρβάρων.
1267 1714 1372 1758 κάπὶ
1399 1715 1558 1769 τούτοις
1585 1713 1695 1770 χρή-

234 1796 349 1833 ματα
380 1780 562 1837 εἰληφώς
611 1780 634 1824 ὅ
660 1782 860 1837 βασιλεὺς
903 1782 976 1824 οὐκ
1018 1782 1138 1838 ὀλίγα
1175 1781 1280 1838 πρός
1308 1797 1351 1824 τε
1400 1783 1475 1824 τοῦ
1498 1780 1697 1837 Ὑρκανοῦ

239 1939 316 1968 ctae
343 1940 509 1979 praeerat
535 1937 672 1971 insulae
699 1938 827 1973 Lesbo.
886 1949 977 1984 quae
1015 1948 1120 1983 quum
1147 1937 1239 1971 facta
1266 1942 1412 1980 essent,
1437 1936 1474 1971 in
1500 1935 1694 1971 Phocaeam

239 1982 283 2015 ob
311 1982 465 2026 Hyrcani
491 1983 600 2017 filium
626 1996 689 2018 rex
723 1987 840 2020 rediit.
889 1997 957 2020 nec
984 1986 1169 2030 quicquam
1197 1994 1317 2019 eorum
1351 1994 1442 2029 quae
1468 1983 1612 2018 volebat
1635 1984 1693 2018 in..

237 2029 367 2063 fectum
402 2031 561 2076 reliquit.
622 2038 656 2066 ct
688 2032 798 2067 hiems
838 2033 892 2067 his
925 2033 1031 2067 rebus
1064 2033 1172 2066 finita.
1239 2032 1321 2065 inde
1357 2031 1562 2075 Byzantium
1588 2042 1693 2077 quum

233 2086 297 2110 rex
322 2077 506 2119 rediisset,
541 2079 653 2122 primo
692 2080 758 2113 iam
787 2091 891 2123 vere,
920 2080 1102 2124 Hyrcanus
1136 2078 1302 2113 barbarus
1329 2088 1372 2112 ex
1397 2078 1478 2112 altis
1503 2078 1704 2123 Bithyniae*

235 2123 392 2167 partibus
417 2135 530 2169 usque
565 2127 606 2159 ad
636 2126 929 2161 Chalcedonicam
968 2137 1063 2160 oram
1101 2126 1280 2170 profectus
1317 2130 1369 2160 est
1398 2131 1433 2159 et
1460 2125 1587 2158 ibidem
1615 2135 1691 2159 cum

234 2181 321 2215 rege
347 2170 547 2205 collocutus
590 2179 625 2207 ct
651 2174 837 2208 consilium
870 2175 913 2207 de
949 2174 1022 2208 filio
1060 2173 1354 2214 communicavit,
1391 2182 1462 2206 non
1500 2173 1578 2215 ipse
1609 2173 1692 2217 qui-

232 2218 335 2258 dem,
376 2218 437 2251 sed
477 2229 541 2262 per
569 2220 716 2264 scaphas
744 2227 778 2254 et
806 2221 966 2265 legatos,
1006 2231 1108 2265 quum
1145 2221 1255 2255 breve
1287 2224 1418 2253 tantum
1454 2219 1601 2263 spatium
1628 2230 1692 2252 rex

234 2264 374 2297 abesset
411 2270 555 2309 propter
595 2268 647 2300 rei
683 2267 882 2302 levitatem.
951 2273 985 2302 et
1023 2278 1099 2301 cum
1134 2268 1206 2301 suis
1246 2277 1351 2311 supra
1383 2277 1500 2300 arcem
1540 2267 1690 2300 domici..

234 2310 319 2344 lium
359 2311 577 2354 collocavit,
612 2325 702 2358 quae
748 2316 832 2349 mari
872 2315 1084 2349 circumdata
1130 2320 1164 2348 et
1207 2314 1352 2358 antiquo
1390 2318 1550 2357 tempore
1594 2313 1692 2347 firma

234 2357 342 2391 Arcla
369 2369 387 2391 a
413 2358 594 2402 Byzantiis
620 2362 877 2396 nominabatur.
930 2372 1019 2407 quae
1045 2362 1234 2406 qualiaque
1261 2361 1404 2402 fuerint,
1431 2371 1521 2405 quae
1545 2360 1590 2394 ab
1617 2359 1690 2393 illis

236 2405 328 2437 dicta
354 2411 434 2439 sunt
458 2407 689 2452 nuntiataque
716 2419 779 2452 per
804 2409 942 2454 legatos
968 2409 1103 2452 tribus,
1130 2407 1253 2453 quales
1288 2407 1442 2441 honores
1468 2413 1504 2440 et
1527 2407 1690 2441 benevo-

236 2450 368 2484 lentiae
397 2452 605 2486 documenta
632 2455 698 2487 sibi
724 2456 877 2489 invicem
907 2456 1079 2498 dederint,
1105 2466 1175 2490 non
1203 2464 1291 2499 opus
1318 2459 1371 2487 est
1395 2454 1599 2499 singulatim
1627 2464 1699 2487 re->

235 2497 342 2530 ferre.
409 2500 487 2532 finis
534 2506 648 2534 autem
687 2502 858 2547 colloquii
899 2509 995 2544 erat,
1028 2508 1212 2547 postquam
1257 2502 1406 2546 pignora
1445 2500 1512 2535 sibi
1536 2501 1689 2535 invicem

234 2544 404 2579 dederunt
443 2552 589 2590 propter
623 2548 728 2581 filiam
762 2555 800 2582 ut
838 2559 941 2583 socer
973 2551 1071 2594 regis
1106 2550 1242 2583 futurus
1278 2553 1373 2582 esset
1409 2547 1572 2591 Hyrcanr
1597 2547 1690 2581 filius

233 2591 270 2623 in
295 2590 502 2626 libertatem.
520 2595 715 2637 restitutus,
744 2601 778 2629 et
795 2602 966 2640 perpetua
990 2602 1096 2641 atque
1111 2597 1314 2639 incorrupta
1335 2595 1481 2628 foedera
1505 2595 1598 2628 inter
1613 2594 1690 2628 Ro-

231 2646 354 2670 manos
394 2645 429 2672 et
453 2639 618 2674 barbaros
646 2648 775 2676 essent.
827 2648 1012 2687 praeterea
1052 2643 1176 2688 opibus
1217 2642 1374 2686 acceptis
1401 2651 1472 2675 non
1497 2642 1619 2685 paucis
1647 2641 1691 2674 ab

236 2683 399 2725 Hyrcano
427 2690 462 2718 et
486 2686 682 2730 Byzantiis,
707 2690 765 2733 qui
794 2699 939 2724 coenam
965 2690 1108 2734 publice
1133 2689 1371 2731 celebrarant,
1392 2698 1458 2722 rex
1481 2688 1598 2732 plenis
1622 2697 1700 2721 ve-»

236 2727 343 2764 lisin
372 2731 567 2768 Phocaeam
604 2736 830 2782 renavigavit
873 2742 908 2771 et
948 2737 1072 2782 opibus
1098 2736 1268 2774 Calodoto
1304 2736 1380 2771 fere
1415 2734 1515 2770 mille
1550 2734 1695 2771 centum.
