1852 3138
179 22 183 24 ,
230 0 325 26 οἰδῪΪΨὛ
407 9 418 13 ··

150 26 155 34 ,ι
174 24 193 39 s
215 23 277 35 ’.η’-

191 37 202 49 i:
208 43 212 46 -
225 51 231 56 ⁴-
265 47 284 57 v

249 189 547 238 nis-roam
575 183 926 233 ΒΥΖΑΝἮΝΑΕ
950 181 1097 229 xxxi.
1149 173 1400 227 33-36.
1482 180 1576 226 371

108 314 181 351 τος
224 301 299 343 καί
324 301 485 343 ταύτοῦ
526 298 600 341 καί
632 293 780 352 ἑτέρου
820 297 894 337 καί
922 296 1007 336 τῶν
1036 290 1237 336 τοιούτων
1266 294 1482 348 μέμνησαι
1509 291 1585 332 καί

110 366 245 417 αὐτὸς
273 366 343 418 ὥς
375 368 575 422 α’νωτέρω
602 363 746 422 βραχὺ
782 363 886 406 κατὰ
918 361 1066 418 χώραν
1094 355 1254 420 ἑκάστῳ
1286 359 1585 417 προσήκουσαν
1597 369 1623 406 f.
1645 368 1713 405 1⁷5
1727 377 1765 405 v.

109 434 306 490 τεχνικὴν
329 435 638 478 αποδέδεικται.

240 501 355 546 Ἀλλ’
402 502 444 544 εἶ
463 502 639 580 βούλει,
670 497 903 555 συνήγορος
933 499 1033 555 ἡμῖν
1063 499 1137 541 καί
1171 496 1192 540 ὅ
1224 501 1340 548 θεῖος
1365 497 1585 556 κεκλήσθω
1602 512 1674 548 86

28 568 30 572 ’
79 571 367 623 5Βασίλειος,
412 567 551 611 πάντα
593 571 724 623 λέγων
752 565 804 609 τὰ
833 567 1051 622 θεοπρεπῆ
1095 564 1281 620 ὀνόματά
1311 582 1355 609 τε
1385 584 1456 609 και
1490 565 1590 624 νοῆ-

112 652 228 690 ματα
254 635 466 691 ὅμοτίμως
502 634 591 691 ἔχει
631 634 737 690 πρὸς
768 628 932 689 ἄλληλα
975 634 1034 691 τῷ
1073 635 1206 690 μηδὲν
1251 634 1488 691 παράἵτὴν
1516 639 1591 679 τοῦ

114 702 397 758 ὑποκειμένου
429 705 662 760 διαφωνεῖν
692 705 923 758 σημασιάν.
982 697 1062 744 ὅσα
1091 700 1170 757 γὰρ
1205 697 1268 756 ὅν,
1299 705 1441 759 φησίν,
1471 702 1591 763 εἴπῃς

114 770 189 813 ἐπὶ
224 772 332 814 θεοῦ
361 769 579 826 ὀνόματα,
621 768 891 828 καταφατικά
929 786 972 813 τε
1011 768 1173 826 δηλαδὴ
1217 770 1291 812 καί
1327 770 1589 828 α’ποφατικοί,

115 836 254 881 εἶ’τουν
284 838 600 894 α’παγορευτικὰ
633 839 705 880 καί
738 835 954 893 ἄρνητικᾰ,
985 834 1013 879 ἃ
1045 837 1095 891 δὴ
1128 837 1337 893 προσόντα
1357 854 1403 880 τε
1432 841 1506 881 καί
1530 837 1591 894 μή

60 903 325 962 1οπροσόντα
370 909 534 961 λέγεται
572 904 678 961 πρὸς
726 909 809 948 τῶν
837 905 968 961 ἁγίων
1017 906 1150 947 ἐνίοτε
1195 905 1268 947 καί
1315 907 1521 962 α’λλαχοῦ,
1549 905 1593 949 ἓν

116 973 188 1016 διὰ
218 970 387 1017 πάντων
415 974 506 1017 ἐστι
545 972 592 1017 τὸ
637 972 976 1030 σημαινόμενον,
1007 971 1083 1015 εἴτ’
1130 972 1295 1028 α’γαθὸν
1326 973 1400 1016 καί
1429 976 1594 1016 δίκαιον

114 1043 190 1083 κατ’
219 1037 270 1083 τοὶ
303 1056 416 1083 ουτω
440 1039 640 1095 λεγόμενα
664 1039 950 1097 καταφατικιί,
982 1041 1054 1083 εἰτ’
1077 1040 1295 1083 ἀθάνατον
1319 1043 1391 1084 καί
1412 1042 1595 1098 ἀφθαρ-

116 1123 186 1150 τον
216 1123 286 1150 και
315 1105 366 1151 τά
413 1124 522 1151 ουτω
562 1107 766 1163 λεγόμενα
809 1107 1024 1163 οἷρνητικά.
1098 1106 1168 1150 διά
1208 1108 1289 1187 γὰρ
1339 1110 1534 1164 ἐκείνων
1567 1105 1596 1150 ἃ

118 1180 338 1231 προσεῖναι
368 1178 575 1231 λέγονται,
604 1176 948 1232 καταφάσκομεν,
980 1174 1050 1218 διὰ
1076 1177 1122 1218 δὲ
1144 1175 1304 1219 τούτων
1331 1175 1598 1231 ἀπαγορεύο-

63 1247 197 1296 15μεν
224 1239 254 1284 οἳ
285 1243 343 1298 μὴ
374 1242 613 1300 πρόσεστιν,
644 1243 702 1294 οὖς
735 1243 864 1292 αὐτὸς
895 1245 939 1286 ἐν
970 1248 1056 1292 τοῖς
1098 1245 1198 1298 περί
1226 1245 1332 1286 θεοῦ
1360 1246 1598 1299 λεγομένοις

120 1312 251 1367 φησίν
295 1311 473 1365 σ’νόμασι
505 1313 594 1354 κατ’
627 1313 843 1364 Ειῖνομίου
875 1307 1123 1366 φερόμενος.
1184 1306 1285 1353 ὅθεν
1321 1310 1340 1351 ὁ
1377 1308 1600 1364 ἀνώνυμος

66 1384 72 1389 '
119 1376 398 1432 πολυώνυμος
416 1375 518 1434 ἡμῖν
537 1379 773 1434 ἀποροῦσιν
803 1376 1012 1431 ὀνόματος
1028 1380 1107 1420 τοῦ
1136 1379 1293 1434 κυρίως
1327 1374 1601 1434 ἁρμόττοντος

118 1449 289 1503 γίνεται,
320 1450 536 1497 πλείσταις
566 1449 798 1503 διαφοραῖς
843 1443 1059 1499 ὃνομοὶτων
1086 1446 1359 1500 ἇνακαλύψαι
1390 1447 1599 1500 βιαζομέ-

120 1528 207 1563 νοις
235 1513 312 1570 τήν
341 1531 436 1570 περι
477 1517 553 1556 τοῦ
581 1517 703 1557 θείου
738 1510 837 1568 ἡμῖν
878 1515 1144 1569 ἐγγενομένην
1184 1512 1405 1556 ὑπόνοιαν.
1467 1529 1598 1568 ονομα
1616 1522 1690 1556 86

18 1602 20 1639 3
63 1579 202 1636 2ογοὶρ
232 1573 516 1638 σημαντικόν,
557 1581 578 1623 ὃ
613 1584 851 1626 Νυσσαέων
890 1581 1045 1637 φάσκει
1076 1581 1340 1638 Γρηγὸριος,
1378 1583 1448 1637 τῆς
1479 1583 1602 1632 θείας

18 1645 21 1677 3
123 1645 292 1704 φυσεως
341 1650 419 1692 ουκ
442 1649 687 1703 ἐμάθομεν·
739 1648 946 1704 δήλωσιν
990 1651 1036 1691 δὲ
1077 1651 1360 1705 προσηγορίας
1403 1645 1604 1706 τοιαύτης

123 1716 179 1757 δι’
208 1709 259 1771 ἧς
288 1713 709 1774 ἐμπεριλαμβάνηται
750 1717 774 1771 ἡ
817 1711 1041 1773 ἅφραστός
1072 1732 1115 1759 τε
1155 1718 1227 1758 καὶ
1256 1716 1440 1772 ἀόρατος
1473 1714 1605 1773 φύσις

123 1778 153 1839 ἢ
182 1784 260 1825 οὸκ
287 1778 396 1827 εἶναι
426 1784 615 1828 καθόλου
646 1787 814 1843 φαμέν,
844 1781 873 1839 ἢ
904 1782 1069 1835 πάντως
1108 1781 1208 1840 ἢμῖν
1239 1778 1452 1838 ἄγνωστον
1480 1780 1603 1827 εἶναι.

286 1876 326 1906 ο.

131 2003 214 2028 cero
241 1991 396 2028 divinam
430 1992 529 2027 illam
556 1993 752 2027 orationem
781 2003 860 2038 esse
885 1993 1086 2038 putandam.
1136 2003 1215 2027 nam
1241 1993 1284 2027 de
1312 2002 1368 2035 eo,
1396 1992 1494 2038 quod
1518 2002 1606 2038 pos..

130 2041 265 2075 uidetur
301 2046 355 2084 et,
403 2042 496 2086 quod
534 2041 713 2085 possidet,
752 2041 795 2075 de
829 2042 953 2075 eodem
991 2046 1026 2075 et
1064 2040 1199 2083 altero,
1241 2041 1285 2075 de
1318 2039 1493 2075 similibus
1529 2041 1608 2085 ipse

131 2089 346 2132 meministi,
383 2099 474 2135 quae
515 2100 622 2134 supra
660 2089 819 2123 breviter
853 2090 896 2123 ad
937 2089 1037 2123 locos
1069 2089 1263 2134 unicuique
1303 2088 1453 2123 idoneos
1483 2088 1608 2133 dispu-

131 2141 204 2171 tata
230 2137 312 2171 sint.

227 2194 301 2229 Iam
326 2194 432 2238 vero,
453 2196 482 2230 si
507 2194 639 2240 placet,
671 2205 820 2230 concors
838 2194 901 2229 ille
918 2196 1114 2230 advocetur
1132 2195 1175 2229 D.
1193 2193 1361 2237 Basilius,
1388 2194 1448 2239 qui
1465 2194 1610 2228 nomina

137 2248 172 2278 et
195 2244 363 2279 notiones
382 2243 450 2277 deo
477 2243 603 2289 dignes
634 2244 725 2277 idem
743 2243 866 2278 valere
892 2244 985 2277 inter
1003 2254 1042 2277 se
1069 2253 1191 2277 omnes
1212 2243 1312 2285 dicit,
1341 2243 1435 2288 quod
1461 2242 1504 2276 ab
1521 2242 1609 2277 sub-

135 2291 221 2325 iecti
246 2290 510 2336 significatione
535 2302 606 2326 non
633 2292 829 2335 dicrepent.
881 2302 1116 2336 quaecunque
1143 2291 1257 2333 enim,
1296 2291 1434 2335 inquit,
1470 2291 1513 2324 de
1541 2291 1608 2324 deo

137 2338 270 2373 dixeris
290 2340 432 2373 nomina
458 2339 698 2373 adiudicantia
725 2345 758 2373 ct
783 2339 1039 2381 adiudicantia‚
1067 2339 1223 2382 positiva
1248 2344 1283 2372 et
1306 2338 1490 2382 negativa,
1517 2348 1609 2382 quae

137 2391 219 2431 apta
255 2391 290 2420 et
316 2396 388 2420 non
429 2392 511 2431 apta
544 2388 718 2421 interdum
762 2398 781 2420 a
807 2387 937 2420 sanctis
977 2387 1163 2427 dicuntur,
1188 2396 1295 2419 unum
1326 2391 1380 2420 est
1402 2396 1467 2430 per
1493 2386 1610 2419 omnia

137 2434 388 2479 significatum,
413 2436 492 2469 sive
521 2435 664 2478 bonum,
689 2436 767 2469 sive
791 2436 932 2477 iustum,
961 2445 1052 2479 quae
1079 2434 1328 2474 adiudicantia‚
1354 2434 1434 2467 sive
1461 2433 1609 2467 immor..

141 2482 214 2516 tale
241 2482 321 2516 sive
346 2482 635 2526 incorruptibile,
663 2494 754 2528 quae
781 2482 1022 2516 abiudicantia
1047 2482 1224 2515 dicuntur.
1281 2480 1355 2514 illis
1382 2481 1487 2523 enim,
1516 2490 1608 2525 quae

138 2529 389 2572 attribuuntur,
416 2531 656 2574 exprimimus,
686 2531 739 2564 his
766 2541 857 2574 quae
882 2540 954 2563 non
981 2530 1219 2563 attribuuntur
1245 2528 1497 2564 abiudicamus.
1536 2529 1608 2562 ita..

139 2587 223 2632 que2
247 2582 285 2610 ut
313 2577 506 2611 Eunomius
530 2578 628 2621 dicit,
655 2580 690 2612 in
715 2577 917 2612 nominibus
944 2578 987 2611 de
1017 2577 1083 2611 deo
1110 2577 1214 2610 dictis
1240 2578 1318 2620 ipse
1344 2577 1467 2611 fertur.
1514 2586 1609 2621 quo-

139 2635 235 2659 circa
259 2625 497 2659 innominatus
535 2625 600 2659 illc
626 2625 745 2659 multis
783 2636 802 2659 a
828 2625 932 2659 nobis
954 2625 1154 2658 nominibus
1178 2629 1351 2667 vocatur,
1392 2624 1526 2669 quippe
1550 2623 1610 2669 qui

138 2673 283 2706 nomino
308 2673 453 2717 proprie
484 2674 676 2718 quadrante
703 2674 923 2717 indigeamus
948 2678 1003 2715 et,
1029 2678 1066 2706 ut
1089 2672 1250 2716 plurimis
1276 2673 1457 2706 nominum
1487 2672 1611 2706 varie-

138 2719 270 2754 tatibus
294 2720 477 2754 notionem
504 2722 561 2754 dei
590 2721 693 2755 nobis
720 2722 858 2755 insitam
883 2721 1094 2765 aperiamus,
1124 2730 1306 2765 cogamur.
1358 2729 1489 2753 nomen
1515 2720 1611 2752 enim

139 2767 282 2802 divinae
318 2773 465 2802 naturae
500 2778 723 2814 congruens,
752 2768 945 2813 Gregorius
975 2767 1154 2811 Nyssaeus
1182 2769 1259 2810 ait,
1299 2776 1371 2802 non
1397 2767 1610 2801 audivimus.

140 2814 418 2861 explicationem
437 2815 540 2850 huius
567 2817 834 2861 appellationis,
863 2826 930 2862 qua
963 2815 1277 2861 comprehenditur
1303 2814 1547 2861 intelligibilis
1575 2819 1612 2849 et
