1826 3120
372 130 671 200 aisromAE
708 156 1056 201 BYzAN’nNAE
1079 152 1242 201 xxvii.
1271 144 1323 202 4.
1343 147 1393 202 5.
1533 155 1627 206 125

153 261 196 304 εἰ
219 266 308 311 τοῖς
341 261 598 312 δεσποτικαῖς
638 260 658 305 ὁ
697 266 818 319 δρῶν
849 261 1108 321 ἠκολούθησε
1152 260 1348 319 δόγμασι.
1425 269 1630 307 δεσποται

155 329 192 370 δ’
221 322 274 370 ἂν
301 322 387 371 εἶεν
412 328 628 385 ἡγεμόνων
667 333 747 385 μὲν
790 333 863 374 καί
894 331 1117 386 ἀρχόντων
1156 329 1279 383 νόμοι
1322 331 1397 373 καί
1438 331 1631 385 στάθμαι

154 394 356 449 κανόνων,
384 394 581 452 ὖπηκόων
612 399 658 440 δὲ
689 399 763 439 καί
781 399 1082 455 συρφετώδους
1111 395 1300 454 πλήθους
1333 398 1533 454 ἡγεμόνες
1561 398 1634 442 καί

155 457 386 517 ἄρχοντες,
429 462 488 513 ὥς
524 465 569 506 ἐκ
598 466 730 519 πηγῆς
773 467 857 507 τῶν
892 465 1033 519 νόμων
1061 464 1174 520 ἔχειν
1205 464 1252 508 τό
1296 469 1452 520 κρίνειν
1489 467 1631 520 ὀρθῶς

119 529 411 586 5ὄφειλοντες.
471 528 604 572 πολλοὶ
632 531 710 583 μὲν
742 524 818 573 οὖν
838 533 921 574 τῶν
952 533 1180 586 δρωμένων
1222 533 1320 575 καθ’
1349 528 1486 574 ἑαυτά
1515 533 1627 574 θεω·

139 595 340 650 -ρούμενα
363 598 513 651 λέληθε
542 598 618 652 τὴν
643 599 719 651 τῆς
745 600 922 651 κρίσεως
951 601 1182 641 κλέπτοντα
1205 600 1391 651 βάσανον
1420 601 1493 642 καί
1519 598 1627 655 πρὸς

153 663 375 718 αἰθερϊους
407 663 610 720 ἐξαίφνης
655 661 700 706 ἓν
744 665 819 706 ου’κ
846 666 1002 708 εἰδόσιν
1039 666 1276 722 ἀνέδραμεν
1304 663 1487 721 ὕμνους,
1518 683 1626 721 προ-

150 727 383 786 ’σειληφότα
423 731 470 773 δὲ
509 731 584 773 καί
624 728 700 787 τὴν
731 735 830 786 μεθ’
869 726 917 788 ἧς
947 735 1167 790 γεγένηται
1210 734 1430 790 πρόφασιν
1455 736 1626 790 μυρίων

153 796 270 851 α’ρῶν.
298 794 522 840 winsi-‘ruva
558 798 870 855 ἀποπέφανται.
930 798 1036 841 α’λλὰ
1069 803 1323 855 προσθετέον
1353 816 1428 855 μοι
1455 802 1629 844 τουτουὶ

31 887 34 893 -
94 864 226 914 loto&
250 865 370 907 θείου
400 864 556 920 α’νδρὸς
583 864 657 908 καί
678 864 728 907 τά
763 863 930 916 τούτοις
961 865 1194 910 α’κόλουθα.
1235 865 1307 910 “u'
1336 867 1510 925 ποιεῖς”,
1537 886 1626 927 φη-

151 933 232 985 σίν,
253 926 507 987 “ἆ’νθρωπε;
538 930 763 989 παρεβάθη
792 931 934 986 νόμος,
969 935 1137 976 καιόιῖκ
1161 935 1372 993 ἐπιτιμᾷς,
1401 936 1503 979 ου’δὲ
1533 940 1625 996 γίνῃ

150 998 341 1053 χαλεπός
370 998 555 1055 τιμωρός
588 1003 672 1043 τῶν
701 1003 775 1043 τοῦ
809 1002 914 1043 θεοῦ
943 1001 1110 1056 νόμων,
1150 1000 1258 1044 α’λλά
1288 1009 1530 1057 κοινωνεῖς;
1555 1003 1629 1046 καί

0 1056 22 1162 ἱ
54 1080 57 1082 ·
152 1067 277 1108 ποίαν
305 1067 452 1124 σχοιἠς
479 1064 533 1110 ἂν
559 1065 832 1125 συγγνώμην,
870 1068 928 1123 μὴ
956 1067 1034 1124 γὰρ
1072 1068 1092 1110 ὅ
1120 1067 1218 1118 θεὸς
1247 1070 1422 1113 ε’κδίκων
1449 1070 1627 1127 χρῄζει,-

151 1131 210 1189 μὴ
242 1132 326 1188 γάρ
352 1135 628 1190 βοηθούντων
671 1138 826 1190 δεῖται;
869 1138 958 1179 ἀλλ’
1008 1136 1222 1193 ὑπηρέτην
1261 1137 1400 1180 αὐτοῦ
1423 1139 1628 1193 γενέσθαι

0 1161 20 1252 ἱ
94 1213 139 1249 15
151 1215 200 1244 σε
227 1199 442 1255 βούλεται,
473 1203 544 1246 ἵνα
580 1204 806 1247 κάντεῦθεν
837 1204 884 1247 τὸ
921 1204 1143 1262 φιλόδοξον
1172 1205 1347 1264 δείξῃς.”
1400 1205 1475 1248 καί
1499 1204 1521 1247 ὅ
1549 1208 1630 1259 με’-

4 1263 9 1273 ”
149 1277 229 1323 ’γας
258 1269 296 1310 δ’
319 1264 482 1323 ὁμοίως
519 1273 651 1327 φησίν
680 1270 938 1321 Ἁθανάσιος
980 1271 1035 1321 ὥς
1077 1273 1133 1313 ου’
1160 1271 1286 1326 μόνον
1333 1271 1377 1315 τὸ
1407 1270 1463 1328 μὴ
1495 1275 1630 1316 θῦσαι

153 1337 325 1390 λίβανον
352 1338 541 1381 δείκνυσι
568 1337 793 1394 μάρτυρας
826 1339 935 1381 ἀλλὰ
966 1341 1041 1382 καί
1066 1339 1112 1381 τὸ
1141 1338 1200 1395 μὴ
1230 1338 1304 1395 τὴν
1335 1343 1476 1383 πίστιν
1497 1337 1630 1396 α’ρνὴ-

0 1392 16 1504 ξ
152 1405 316 1447 σασθαι
334 1420 346 1432 ·
382 1406 457 1447 καί
500 1404 583 1461 οὕχ
630 1404 669 1448 οἱ
700 1408 914 1458 κλίναντες
940 1408 1000 1456 εἷς
1030 1405 1188 1449 εἴδωλα
1218 1408 1348 1460 μόνον
1376 1409 1632 1464 κατεκρίθη-

0 1506 6 1530 ί
150 1485 230 1512 σαν
259 1469 318 1522 ὥς
346 1470 583 1527 α’λλότριοι,
628 1472 735 1516 α’λλὰ
766 1473 838 1516 καί
867 1472 905 1516 οἱ
942 1474 1253 1529 προδεδωκότες
1295 1476 1373 1530 τὴν
1406 1475 1628 1531 α’λὴθειαν.

92 1534 350 1594 ηοἈβραᾰμ
379 1530 463 1595 γοὶρ
495 1537 517 1580 ὅ
549 1539 819 1597 πατριάρχης
843 1541 921 1582 οὐκ
948 1541 1195 1597 α’ναιρεθείς
1216 1540 1508 1599 ἐστεφανώθη,
1536 1544 1630 1586 ἄλλ’

151 1600 217 1647 ὅτι
247 1604 392 1656 πιστὸς
419 1609 560 1662 γέγονε
591 1610 651 1664 τῷ
677 1610 787 1666 θεῷ·
847 1607 891 1650 οἳ
917 1624 962 1651 τε
992 1604 1112 1650 ἄλλοι
1143 1605 1256 1665 ἅγιοι
1284 1613 1460 1666 πατέρες
1492 1609 1566 1653 καὶ
1591 1608 1630 1653 οἱ

150 1670 230 1715 σὺν
261 1672 428 1732 αὐτοῖς,
467 1674 566 1732 περὶ
609 1670 667 1718 ὧν
713 1672 909 1719 ἁπάντων
951 1677 976 1719 o‘
1010 1678 1191 1727 Παῦλος
1233 1678 1363 1734 φησίν
1395 1678 1630 1732 ἐπιλείψειν

250 1798 306 1834 10.
329 1801 603 1848 χρυσοστόμου
629 1801 670 1837 ἐκ
694 1801 757 1846 τῆς
783 1801 986 1851 ἑρμηνείας
1016 1802 1088 1839 τοῦ
1109 1800 1149 1850 μ’
1175 1804 1343 1852 ψαλμοῦ.
1420 1801 1476 1837 16.
1502 1803 1544 1839 ἐκ
1567 1802 1630 1848 τῆς

247 1846 453 1893 ἐγκυκλίου
477 1849 688 1892 ἐπιστολῆς.

152 1954 271 1986 rerum
315 1950 466 1980 eventus
491 1947 538 1981 sit
570 1947 731 1982 dominus
759 1948 904 1992 iudicat,
929 1949 990 1984 sed
1015 1958 1099 1982 num
1125 1947 1292 1983 voluntas
1318 1959 1381 1983 sua
1408 1953 1533 1983 exacta
1566 1949 1625 1983 sit.

154 1990 244 2026 haec
268 1998 385 2027 autem
412 1993 545 2028 domini
572 1994 739 2030 voluntas
769 1996 871 2042 leges
910 2002 945 2031 et
970 1997 1130 2030 instituta
1166 2002 1246 2030 sunt
1282 1996 1556 2040 imperatoribus
1590 2001 1627 2030 et

151 2041 394 2085 principibus3
421 2042 559 2076 civibus
597 2048 632 2076 et
656 2043 754 2087 plebi
780 2044 1015 2088 imperatores
1044 2050 1080 2077 et
1107 2045 1301 2088 principes,
1329 2045 1378 2078 ita
1403 2049 1442 2078 ut
1467 2045 1528 2089 qui
1553 2054 1625 2078 vo-

154 2088 225 2122 cati
252 2089 324 2122 sint
348 2088 486 2123 iudices
516 2090 614 2124 fonte
641 2096 783 2125 utantur
808 2092 963 2136 legibus.
991 2097 1027 2124 et
1053 2092 1162 2126 multa
1189 2092 1330 2137 quidem
1356 2097 1439 2125 sunt
1466 2092 1626 2126 facinora

155 2145 247 2181 quae
280 2136 361 2170 dum
388 2146 453 2181 per
478 2148 518 2172 se
550 2143 759 2182 spectentur
797 2140 958 2173 examina
983 2139 1137 2172 iudicum
1168 2139 1276 2173 facile
1301 2139 1494 2183 decipiant,
1520 2141 1624 2174 etiam

151 2182 316 2218 laudibus
342 2184 378 2218 iu
405 2185 547 2219 coelum
577 2185 768 2220 efferantur
792 2187 835 2220 ab
862 2187 1052 2230 imperitis;
1077 2187 1292 2231 simulatque
1317 2192 1434 2220 autem
1464 2198 1555 2232 quae
1579 2188 1624 2222 iis

152 2231 354 2266 subruerint
378 2233 538 2267 rationes
573 2235 741 2277 cognitae
768 2236 850 2275 sint,
877 2234 978 2268 illico
1008 2234 1108 2267 mille
1133 2235 1438 2269 exsecrationibus
1466 2235 1624 2269 obruan-

153 2283 222 2314 tur.
288 2279 351 2312 sed
383 2286 546 2314 revertar
583 2282 627 2315 ad
653 2282 763 2316 verba
796 2283 864 2316 viri
905 2282 1004 2315 illius
1042 2283 1268 2315 sanctissimi.
1334 2282 1486 2326 „h0m0,
1513 2284 1624 2325 dicit,

153 2327 237 2372 quid
271 2325 378 2371 agis?
405 2327 507 2372 leges
534 2329 693 2363 violatae
720 2335 812 2364 sunt.
873 2334 958 2363 tune
985 2330 1092 2363 iudex
1122 2330 1313 2363 exstiturus
1340 2329 1405 2364 es?
1430 2340 1474 2363 an
1504 2330 1625 2365 viola-

152 2380 269 2409 torum
309 2375 429 2408 socius
459 2385 562 2421 quam
591 2388 741 2411 severus
776 2377 895 2422 legum
930 2378 1127 2411 divinarum
1157 2377 1253 2411 ultor
1282 2388 1361 2411 esse
1386 2377 1517 2411 malis?
1562 2378 1626 2413 sed

153 2433 244 2467 quae
269 2422 335 2457 tibi
362 2423 430 2456 erit
454 2424 590 2458 venia?
646 2426 810 2459 nimirum
836 2424 1011 2458 ultoribus
1036 2426 1122 2458 deus
1151 2435 1223 2458 non
1254 2431 1337 2470 eget
1358 2435 1477 2470 neque
1500 2432 1624 2461 nostro

153 2469 303 2504 auxilio.
363 2470 425 2505 sed
452 2482 552 2505 suum
579 2478 613 2505 te
642 2472 720 2506 vult
749 2484 828 2506 esse
863 2473 1082 2514 ministrum,
1110 2482 1151 2505 eo
1179 2478 1218 2505 ut
1243 2474 1411 2516 pietatem
1448 2473 1623 2508 declares.

153 2519 259 2552 etiam
280 2526 432 2563 maguus
457 2519 522 2553 ille
546 2519 762 2555 Athanasius
789 2531 861 2554 non
890 2531 951 2554 eos
978 2525 1110 2553 tantum
1122 2521 1181 2564 qui
1208 2525 1287 2554 ture
1313 2520 1433 2554 facere
1458 2526 1627 2556 recusent

151 2571 327 2608 martyras
354 2576 434 2600 esse
460 2567 559 2609 dicit,
584 2567 647 2601 sed
677 2569 782 2601 etiam
811 2568 870 2613 qui
896 2569 1090 2602 doctrinam
1117 2578 1214 2601 suam
1240 2578 1375 2612 negare
1400 2568 1529 2603 nolint.
1556 2580 1625 2604 ne-

155 2623 226 2658 que
250 2614 277 2646 ii
302 2617 436 2647 tantum
462 2614 630 2659 quiidola
657 2616 792 2649 adorati
822 2622 915 2659 sunt,
930 2621 1012 2650 sunt
1037 2614 1214 2658 infideles,
1241 2616 1303 2649 sed
1320 2616 1423 2649 etiam
1449 2618 1511 2661 qui
1536 2627 1624 2662 pro-

153 2661 320 2695 diderunt
344 2660 527 2696 doctrinae
561 2664 762 2697 veritatem.
812 2674 892 2696 nam
926 2663 1129 2708 patriarcha
1152 2663 1303 2698 Abraam
1337 2673 1410 2698 non
1436 2664 1496 2709 qui
1524 2675 1624 2699 mor-

150 2712 233 2742 tuus
257 2708 304 2742 sit
338 2717 403 2752 pro
440 2710 506 2744 deo
541 2710 603 2744 sed
631 2712 691 2756 qui
719 2711 835 2744 fidelis
863 2711 971 2745 fuerit
997 2710 1147 2755 palmam
1172 2711 1325 2755 accepit.
1377 2713 1482 2746 etiam
1508 2715 1623 2748 sancti

150 2763 270 2803 patres
298 2760 334 2791 et
358 2757 421 2793 alii
449 2768 538 2805 quos
565 2769 688 2796 omnes
717 2759 1014 2795 commemorandi
1041 2759 1092 2796 St.
1117 2758 1250 2796 Paulus
1278 2759 1365 2797 dicit
1389 2765 1528 2806 tempus
1553 2761 1621 2801 sibi
