1826 3120
319 124 618 173 msromm
648 123 993 170 BYzmrmAE
1031 91 1218 170 xxviii.
1249 111 1499 171 42-45.
1575 122 1678 172 ¹205

198 234 312 292 -ἒμὴν
339 234 754 294 α’φικνεῖταιζοίκιάν,
785 237 864 279 τοῦ
881 231 1036 292 πατρὸς
1066 237 1274 290 βασιλέως
1294 232 1571 284 κελεύσαντος
1598 235 1680 287 μέ-

203 317 278 346 σον
303 303 529 358 γενόμενον
574 309 718 347 πεῖσαι
758 305 950 358 βαδίζειν
985 301 1095 358 ἡμᾶς
1141 297 1268 351 αὖθις
1314 302 1373 352 εἰς
1402 301 1450 344 τὰ
1478 303 1677 356 βασίλεια

203 370 277 421 καὶ
304 368 477 414 διδόναι
508 373 587 426 μὲν
620 369 696 420 τὰς
727 372 930 420 εἰωθυίας
961 375 1048 419 τοῖς
1073 370 1325 423 βασιλεῦσιν
1359 365 1466 425 ἡμᾶς
1496 367 1677 421 ὃμιλιάς,

191 436 536 493 ἀντιλαμβάνειν
580 440 619 480 δ’
658 440 824 480 ἐκεῖθεν
869 435 1031 492 συχνὰς
1063 437 1137 478 καί
1177 439 1367 485 ποικίλας
1398 430 1456 478 αὖ
1490 436 1567 486 τὰς
1595 438 1678 478 τῶν

168 503 467 553 5ἀντιδόσεων
497 504 693 560 α’μοιβοὶς.
729 505 820 547 ἀλλ’
852 506 958 557 ἐμοῦ
989 503 1065 559 τήν
1094 500 1357 559 παράκλησιν
1386 506 1565 559 ταυτηνί
1592 493 1700 560 fvj-¹

205 564 324 630 δαμῇ
367 574 473 629 μηδ’
515 574 561 616 ἐκ
598 568 784 628 πρώτηέ
814 572 1138 628 προσηκαμένου
1184 573 1351 628 φωνῆς,
1382 569 1464 626 τήν
1489 572 1678 626 γλῶτταν

203 635 340 689 εύθύς
368 641 521 689 ἐκεῖνος
553 637 733 694 ἑτέρωσε
766 639 1097 694 μετερρύθμιζε.
1157 641 1231 680 καί
1251 635 1323 681 “u'
1346 641 1424 692 μὲν
1456 640 1523 695 ἐφ’
1553 637 1680 694 ἦμΐν”

203 705 337 762 φησίν
360 702 499 750 “eluat
529 707 683 764 λογίζῃ,
703 707 779 748 τοῦ
808 709 906 759 βιόυ
939 705 991 747 τά
1023 702 1251 760 πράγματα
1270 740 1281 761 ,
1313 707 1386 746 καί
1414 707 1465 762 τῇ
1492 720 1538 760 γε
1572 703 1678 759 ἡμε-

200 775 304 831 τέρᾳ
331 772 410 823 τὰς
444 772 564 828 ἧντάς
589 772 735 831 γνώμῃ
765 775 965 827 παρέχεις
995 774 1069 815 τοῦ
1099 776 1278 814 τοιαῖσδε
1305 775 1378 815 καί
1405 772 1465 828 μη
1499 774 1571 815 καί
1599 768 1679 814 ἄλ-

144 853 188 890 20
200 842 283 890 λως
317 843 528 884 κινεῖσθαι
556 842 695 893 ταυτί,
726 846 898 883 σκοπεῖν
917 856 964 883 σε
993 838 1133 895 χρεών
1162 838 1221 895 μη
1251 841 1325 882 καί
1346 839 1542 894 σεαυτόν,
1577 841 1675 893 μεθ’

200 899 260 949 ὧν
292 901 446 963 ἑτέρων
476 909 651 961 α’δικεῖς,
675 905 891 966 λανθάι-ῃς
923 905 1078 961 ὁμοίως
1112 907 1241 957 αύτός
1272 908 1454 961 ἀδικῶν,
1501 906 1575 949 κατ’
1603 908 1676 962 τῆς

199 977 278 1030 σῆς
323 974 502 1027 πολλούς
543 975 713 1030 ὅμιλιάς
752 974 858 1029 μετά
900 978 975 1032 τῆς
1011 978 1242 1032 συμφυοῦς
1283 975 1531 1029 ἀποστερῶν
1562 976 1677 1031 ω’φε-

198 1045 329 1097 λειάς,
358 1044 434 1086 καί
447 1045 609 1087 σαυτὸν
631 1042 761 1093 αύτὸς
783 1048 919 1101 φανῇς
948 1043 1052 1097 ὁμοῦ
1082 1044 1255 1099 ζημιῶν,
1286 1043 1407 1098 δόξης
1438 1042 1559 1092 θἐιάς
1586 1038 1676 1095 ἅμα

197 1110 272 1152 καὶ
294 1109 573 1168 Ια’νθρωπίνης
603 1110 649 1154 ἔκ
664 1104 721 1166 fys
752 1113 829 1154 τοῦ
863 1112 1111 1168 προφανοῦς
1143 1112 1386 1166 α’ποστεραῖν
1416 1108 1567 1153 zuoni:
1619 1105 1670 1152 τά
1691 1126 1765 1160 45

140 1188 184 1222 15
197 1193 242 1221 τε
266 1176 350 1234 γάρ
380 1175 491 1221 ἄλλα
521 1181 594 1222 καί
623 1179 675 1235 δὴ
719 1179 791 1221 καὶ
819 1179 890 1222 τόν
930 1177 1031 1233 έμόν
1062 1177 1150 1234 ὁρῶ
1180 1182 1344 1233 πατέρα
1383 1182 1457 1221 καί
1481 1179 1674 1232 βασιλέα,

196 1246 277 1289 σύν
307 1262 351 1301 γε
383 1247 519 1303 μητρί
541 1262 626 1301 μου
671 1249 720 1305 τῇ
752 1249 969 1301 βασιλίδι,
1009 1246 1114 1303 πρὸς
1146 1249 1270 1290 τοῦτο
1318 1243 1342 1287 ὃ
1370 1243 1530 1300 μεταξύ
1561 1262 1675 1300 συμ-

197 1313 466 1357 πεπτωκέναι
491 1317 772 1368 συμπέπτωκε
800 1314 1036 1369 μετάμελον
1065 1315 1249 1370 σχόντας
1279 1314 1330 1355 ού
1368 1314 1487 1367 μάλα
1519 1310 1674 1369 μικρὸν

197 1379 299 1422 ου’δὲ
327 1380 434 1437 πρὸς
460 1379 524 1424 .τὸ
558 1381 949 1439 περιφρονούμενον
994 1382 1270 1437 ὑπορρέοντα.
1327 1382 1563 1437 μέμνηνται
1589 1378 1671 1435 γάρ

196 1464 274 1490 σου
303 1446 386 1490 σύν
427 1447 650 1503 θαύματι,
689 1453 761 1492 καί
802 1448 873 1491 διὰ
915 1448 1123 1503 στόματος
1168 1449 1336 1505 ου’δαμῇ
1381 1451 1674 1491 διαλείπουσιν

137 1516 284 1575 Ωοίδίᾳ
322 1517 397 1558 καί
436 1518 618 1575 δημοσίᾳ
662 1522 807 1574 φέρειν
846 1514 1036 1571 ἑκάτεροι
1081 1516 1132 1558 τὰ
1173 1514 1227 1558 σιὶ
1260 1517 1332 1557 καί
1365 1516 1673 1558 ἀνακαλεῖσθαι

193 1580 358 1638 συχνά,
389 1584 464 1626 καί
489 1585 680 1638 μάλιστα
710 1588 786 1626 νῦν
820 1581 886 1626 ὅτε
908 1590 1080 1638 συχνοῖς
1104 1587 1451 1639 περιαντλεῖσθαι
1484 1586 1674 1637 συμβαί-

194 1665 253 1692 νει
284 1649 444 1705 βιαίοις
477 1650 738 1707 πραγμάτων
770 1653 928 1706 κύμασι
961 1657 1033 1693 καί
1062 1648 1178 1711 σάλῳ
1210 1653 1341 1707 τύχης
1371 1648 1553 1700 αύτούς·
1601 1652 1673 1693 καί

193 1713 281 1768 οἷος
308 1717 362 1762 σύ
394 1721 631 1774 δεομένους,
660 1719 776 1777 εἴπερ
815 1723 930 1774 ποθ’,
974 1719 1178 1776 ὁμιλητοῦ
1210 1718 1332 1777 ὶπρός
1373 1722 1671 1775 παραμυθίαν,

193 1784 386 1842 ζεφύρου
416 1785 549 1845 φάναι
580 1787 693 1838 τινὸς
724 1788 877 1844 ἡδονῆς
907 1788 1167 1843 αὐτουργοῦ,
1195 1789 1268 1830 καί
1302 1792 1504 1843 χορηγεῖν
1535 1800 1671 1843 παρε-
1747 1824 1758 1837 ,

192 1966 366 2005 iuvenilis
390 1979 456 2004 rex
483 1970 521 2004 in
546 1969 616 2004 hoc
644 1970 826 2005 custodiae
851 1980 954 2004 meae
981 1969 1199 2004 domicilium
1233 1969 1347 2012 venit,
1375 1973 1410 2003 et
1437 1968 1547 2013 patris
1571 1967 1669 2013 reg-is

193 2017 293 2051 iussu
317 2018 570 2052 inter-sedendo
597 2024 632 2052 et
665 2019 911 2063 persuadendo
946 2029 1002 2051 me
1028 2019 1139 2061 adiit,
1166 2023 1204 2051 ut
1228 2028 1349 2051 rursus
1375 2018 1412 2050 in
1438 2017 1573 2062 regiam
1599 2026 1669 2050 ve-

191 2065 307 2100 uitem
334 2070 370 2098 et
395 2072 542 2110 recepta
568 2076 622 2109 ea,
650 2077 718 2111 qua
745 2072 848 2099 antea
876 2077 1103 2100 consuessem
1132 2076 1208 2099 cum
1236 2076 1323 2109 rege
1351 2076 1444 2107 esse,
1472 2069 1668 2098 consuetu-

193 2113 292 2155 dine,
321 2113 510 2147 multorum
540 2114 621 2148 inde
650 2120 684 2147 et
711 2116 889 2148 variorum
920 2115 1116 2147 officiorum
1146 2113 1428 2147 vicissitudinem
1455 2113 1666 2156 reciperem.

195 2161 360 2206 equidem
404 2172 511 2206 quum
548 2162 785 2196 hortationem
823 2162 921 2195 illam
953 2163 1020 2194 iam
1046 2162 1090 2195 ab
1127 2162 1230 2194 initio
1268 2161 1439 2193 orationis
1466 2170 1666 2201 aversarer,

193 2207 339 2253 linguae
366 2208 549 2243 lenitatem
566 2210 630 2243 ille
657 2212 773 2244 statim
800 2211 836 2243 in
861 2210 1007 2243 alteram
1035 2215 1169 2253 partem
1195 2210 1356 2242 mutavit.
1385 2214 1516 2252 atque:
1542 2208 1571 2241 si
1598 2217 1666 2251 pe-

191 2265 256 2289 nes
289 2266 355 2301 nos
392 2267 495 2300 esse,
521 2258 650 2302 inquit,
677 2259 774 2292 vitae
805 2259 952 2302 negotia
987 2263 1088 2301 putas
1115 2262 1150 2291 et
1181 2262 1304 2289 nostro
1339 2256 1487 2289 arbitrio
1514 2255 1578 2288 illa
1604 2266 1666 2288 re.-

191 2303 298 2348 gcndi
323 2309 535 2348 potestatem
561 2307 751 2347 concedis,
785 2306 1062 2348 circumspicere
1088 2310 1122 2338 te
1156 2309 1299 2348 oportet
1325 2314 1371 2336 ne
1407 2308 1548 2347 praeter
1575 2302 1666 2336 ulios

190 2356 227 2384 te
256 2361 399 2396 quoque
441 2354 519 2397 ipse
552 2354 718 2387 similiter
755 2355 888 2387 invitus
923 2354 1083 2394 crucies,
1117 2354 1179 2386 scd
1204 2357 1243 2385 ut
1276 2351 1459 2396 intelligas
1486 2351 1664 2395 quomodo

191 2400 450 2434 consuetudine
475 2406 536 2434 tua
560 2412 638 2435 cum
672 2402 826 2434 utilitate
865 2402 1056 2434 coniuncta
1084 2400 1213 2433 multos
1250 2399 1431 2443 exspolies
1458 2404 1492 2431 et
1519 2400 1596 2442 ipse
1625 2403 1662 2431 te

190 2447 339 2491 punias,
369 2458 475 2492 quum
510 2449 568 2482 dei
595 2449 713 2494 gioria
742 2455 847 2494 atque
883 2449 1061 2481 hominum
1090 2459 1134 2481 ex
1160 2452 1283 2491 aperto
1323 2453 1357 2480 te
1382 2451 1509 2490 sponte
1539 2446 1658 2479 orbes.

188 2504 268 2528 nam
293 2496 345 2528 uti
380 2501 501 2530 cetera
528 2499 703 2539 omittam,
737 2498 827 2541 patri
868 2506 946 2529 mco
985 2497 1063 2540 regi
1100 2501 1134 2529 ct
1168 2495 1269 2528 matri
1307 2495 1455 2538 reginae
1481 2494 1586 2528 video
1614 2503 1659 2527 ex

189 2541 255 2575 illa
281 2553 320 2576 re
339 2553 429 2588 quae
445 2545 583 2578 interea
608 2546 737 2578 accidit
759 2545 918 2578 dolorem
937 2555 1016 2577 esse
1044 2544 1134 2576 haud
1154 2543 1272 2576 levem
1292 2547 1398 2586 atque
1423 2542 1467 2575 ab
1491 2541 1660 2587 neglecta

189 2589 360 2624 alienum.
387 2593 619 2626 recordantur
652 2595 744 2626 euim
774 2593 823 2626 tui
845 2603 922 2625 cum
947 2592 1181 2625 admiratione
1208 2591 1368 2635 quadarn,
1394 2600 1461 2623 nec
1487 2590 1662 2623 desistunt

190 2647 343 2682 unquam
379 2639 416 2672 in
450 2649 512 2674 ore
546 2641 678 2674 habere
712 2642 858 2685 negotia
896 2646 955 2673 tua
994 2639 1137 2684 publice
1173 2644 1208 2671 et
1246 2639 1409 2682 privatim
1446 2643 1482 2671 et
1514 2637 1661 2671 multum

189 2687 306 2718 animo
333 2687 498 2731 volvere,
525 2693 561 2722 et
577 2691 787 2733 praesertim
807 2690 876 2722 hoc
902 2693 1063 2731 tempore
1090 2696 1160 2732 quo
1189 2687 1325 2720 crebris
1353 2691 1389 2719 et
1414 2686 1661 2719 vehementis-

188 2734 287 2771 simis
313 2745 430 2770 rerum
456 2737 621 2773 fluctibus
648 2744 683 2773 et
721 2738 885 2772 fortunae
912 2737 1044 2783 impetu
1071 2735 1412 2770 circumfunduntur.
1464 2733 1532 2775 huc
1557 2733 1662 2768 simi..
