1826 3120
277 138 577 185 ms'romAss
615 137 960 184 BYzANTmAE
993 139 1118 182 xxx,
1146 125 1396 182 16-Ξο,
1498 134 1591 180 281

123 245 352 305 τόλμηκας,
376 247 630 297 ὑποστάσεις
647 250 726 301 μὲν
755 247 978 296 α’νουσιόυς
1000 243 1201 302 θεότητος
1224 245 1261 287 δ’
1281 243 1601 294 ἀνυποστάτους

124 318 275 371 σέβων.

204 379 212 386 ⁸
265 385 473 438 Τέταρτον
503 386 550 427 δὲ
591 380 657 426 ὅτι
694 384 767 425 καί
804 382 876 426 triv
917 378 1145 436 ἄνθρωπον
1176 379 1248 424 καί
1291 380 1360 423 τὸν
1390 382 1511 428 λίθον
1541 381 1602 430 εἰς
1617 387 1688 423 18

31 499 43 513 A«,
125 450 364 507 ὕπὸδειγμα
387 453 544 508 φέρων,
573 451 648 494 καί
677 450 923 506 ὅριζόμενος
954 451 1105 492 ου’σιάν
1126 446 1234 493 εἶναι
1264 447 1369 502 μετὰ
1401 450 1484 491 τῶν
1514 465 1602 504 φυ-

32 519 47 582 'J
90 520 256 569 50:253
283 523 385 572 περὶ
412 518 544 576 αὐτὴν
574 519 803 574 ὁρωμένων
822 520 1244 574 συλλαμβανομένην,
1273 514 1410 567 ἑάλως
1441 515 1501 559 ἔτι
1531 514 1604 558 καί

125 584 455 641 συμβεβηκότων
485 586 697 642 σύλληψιν
727 583 836 629 εἶναι
859 587 1042 637 νομίζων
1072 585 1150 640 τὴν
1179 587 1302 627 θειάν
1334 583 1494 640 ἐκείνην
1524 574 1602 625 ου’·
1617 597 1772 634 f,136v‚

36 703 38 706 v
126 652 226 694 σιάν
254 647 397 708 ὥσπερ
426 652 499 696 ἐπὶ
526 653 602 695 τοῦ
642 654 957 708 προβληθέντος
987 668 1052 693 σοι
1086 655 1233 704 λίθου,
1264 650 1397 706 βάρος
1428 650 1603 705 ψυχρό-

30 708 43 748 2?
79 769 81 774 Ι
124 734 228 774 τητα
255 719 411 775 χρῶμα
442 723 578 775 μῆκος
610 718 763 770 πλάτος
791 721 865 762 καί
891 719 1047 773 βάθος,
1079 715 1154 761 καῖ’
1177 714 1254 762 ὅσα
1283 721 1458 762 τοιαῦτα
1491 725 1601 761 νοεῖν

123 783 215 840 ἔχει
235 802 314 840 τις,
345 783 530 841 ἔχοντος.
591 783 612 829 ὃ
642 787 714 829 καί
739 790 815 829 τοῦ
844 789 1055 841 προτέρου
1086 793 1230 841 χεῖρον
1261 784 1320 835 εἰς
1353 786 1546 828 ιῖτοπιάν.

44 856 112 899 ’10
260 855 355 896 Kal
371 854 561 907 πέμπτον
583 849 754 905 ἄτοπον,
789 850 853 897 ὅτι
883 856 955 896 καί
981 856 1172 906 βεβαιοῖς
1195 851 1272 907 τὴν
1299 850 1377 909 σὴν
1408 853 1601 906 α’μαθιάν
1617 868 1690 903 ιο

122 921 196 962 καί
226 920 456 963 πολυθεΐαν
488 921 559 963 διὰ
592 919 665 976 τῆς
695 919 801 976 πρὸς
832 918 905 963 τὸν
932 923 1067 974 μέγαν
1099 917 1360 962 Ἀθανάσιον
1381 919 1609 976 συκοφαν-’

122 989 232 1036 τιάς.
291 985 363 1029 ἐπὶ
391 985 471 1043 γὰρ
505 986 549 1030 ἓν
580 990 732 1037 ἐκεῖνος
762 986 884 1042 ἔχειν
907 989 1015 1043 φησί
1044 985 1121 1043 τήν
1149 987 1373 1042 ἀναφορὰν
1401 986 1452 1029 τὰ
1485 984 1599 1030 οὕτω

121 1051 256 1096 πολλοὶ
284 1055 368 1097 ταῖν
401 1054 618 1108 ὀνομάτων
650 1056 833 1109 ἐκείνων,
866 1053 1002 1097 εἶ’τουν
1023 1052 1098 1110 τὴν
1129 1049 1307 1096 οὐσίαν·
1365 1052 1417 1096 σύ
1451 1057 1488 1096 δ’
1521 1055 1598 1096 ου’κ

123 1114 261 1180 ᾔσθου
291 1120 399 1164 κατὰ
446 1124 633 1165 σεαυτοῦ
677 1124 860 1176 κομίζων
901 1118 947 1164 ὃν
990 1118 1098 1178 ὑπὲρ
1132 1124 1318 1164 σεαυτοῦ
1349 1119 1598 1174 κεκόμικας·

64 1194 108 1235 15
126 1185 262 1238 οὕτως
310 1188 485 1244 α’μαθὴς
522 1185 566 1231 εἶ
606 1191 678 1231 καί
713 1187 827 1243 μα’λα
876 1190 1082 1244 ἀγροῖκος.
1156 1185 1247 1231 εἶτα
1275 1189 1349 1231 καί
1378 1182 1599 1241 ἄθροισμα

122 1256 233 1309 λέγει
262 1256 335 1298 καί
362 1257 575 1311 πλήρωμα
607 1256 806 1312 θεότητος
835 1259 971 1300 ταῦτα
1002 1258 1161 1310 αὐτὸς,
1193 1256 1246 1297 ου’
1270 1254 1355 1310 μην
1386 1254 1600 1310 θεοτητων

119 1324 196 1377 τῆς
225 1322 373 1372 οὕσίας
400 1321 622 1379 διαφόρων
651 1321 759 1365 κατὰ
792 1326 840 1366 σὲ
864 1324 936 1365 καί
969 1319 1179 1377 α’λλήλων.
1239 1325 1327 1371 πῶς
1355 1320 1433 1377 γάρ
1464 1318 1508 1371 ὃς
1529 1320 1602 1363 ἐπὶ

118 1390 163 1434 ἓν
192 1389 303 1432 adrui
332 1389 407 1446 τὴν
440 1390 667 1447 α’ναφοραν
697 1390 811 1444 ἔχειν
841 1395 959 1448 φησί,
1001 1390 1161 1447 δηλαδή
1194 1389 1269 1446 τὴν
1296 1389 1462 1432 ου’σίαν.

25 1516 27 1518 ¹
238 1453 354 1501 Ἔστι
384 1459 488 1500 κοῖπί
516 1459 681 1508 τούτοις
708 1460 825 1501 ἕκτον
855 1454 1032 1512 ἄτοπον,
1078 1456 1144 1501 ὅτι
1173 1461 1244 1501 καί
1272 1456 1347 1500 τόν
1377 1460 1494 1499 θεῖον
1515 1473 1597 1499 συ-
1615 1471 1692 1505 2⁰

59 1528 342 1582 2οκοφαντεῖς
358 1528 662 1581 Δαμασκηνὸν,
694 1526 748 1576 ὥς
778 1529 1002 1582 προϊοῦσιν
1025 1525 1125 1582 ἡμῖν
1143 1524 1356 1582 εἰρήσεται
1385 1527 1458 1567 καί
1491 1525 1598 1566 αυ’τό

117 1593 387 1650 πλατύτερον.
417 1596 697 1650 δειχθήσεται
715 1593 794 1651 γὰρ
817 1593 861 1638 τὸ
877 1596 1206 1650 χαρακτηρι’ζειν
1227 1595 1286 1652 τῷ
1303 1595 1525 1649 διαφέρειν
1538 1589 1599 1646 μὴ

125 1806 231 1841 etiam
256 1804 459 1849 multarum,
486 1805 577 1841 illud
602 1805 662 1840 hic
686 1816 829 1852 quoque
868 1816 974 1840 ausus
1010 1814 1047 1840 es
1077 1805 1225 1847 dicere,
1262 1814 1340 1838 cum
1368 1807 1403 1842 et
1428 1802 1595 1838 substan-

122 1855 190 1888 tias
217 1854 396 1888 essentiae
423 1858 459 1888 et
484 1855 692 1889 divinitates
722 1854 940 1889 substantiae
969 1858 1132 1898 expertas
1161 1852 1361 1887 venereris.

254 1918 424 1962 Quartum
463 1929 540 1952 cnm
583 1922 635 1954 et'
652 1919 796 1953 homine
831 1925 866 1953 et
891 1919 1010 1963 lapide
1037 1917 1210 1963 exemplis
1250 1916 1361 1950 utaris
1389 1921 1424 1950 et
1443 1921 1597 1950 conten..

118 1966 206 2008 das,
246 1967 436 2001 essentiam
465 1967 719 2012 comprehendi
758 1978 835 2001 cum
863 1968 932 2010 iis,
966 1977 1057 2012 quae
1084 1969 1119 2000 in
1157 1976 1199 1999 ea
1227 1969 1419 1999 cernantur
1442 1963 1596 1997 naturali

118 2013 238 2056 modo,
264 2013 510 2058 deprehensus
538 2026 577 2049 es
603 2025 710 2059 porro
740 2016 889 2049 credens
915 2015 1151 2049 accidentium
1182 2023 1325 2057 quoque
1355 2011 1595 2056 comprehen-

117 2062 256 2096 sionem
281 2072 362 2096 esso
387 2062 487 2097 illam
513 2064 702 2097 essentiam
729 2064 898 2105 divinam,
928 2062 1029 2096 velut
1054 2061 1232 2105 inlapide
1257 2071 1276 2093 a
1302 2065 1338 2093 te
1363 2060 1508 2100 iactato,
1535 2059 1595 2103 qui

118 2110 346 2155 gravitatem,
373 2109 501 2156 frigus,
529 2110 702 2153 colorem,
730 2111 1012 2155 longitudinem,
1038 2109 1262 2144 latitudinem
1298 2106 1594 2151 altitudinemque

118 2161 154 2191 et
181 2167 417 2202 quaecunque
456 2158 628 2192 eiusmodi
662 2159 815 2204 cogitari
850 2163 1018 2202 possunt,
1056 2158 1245 2198 continet,
1285 2156 1320 2189 id
1359 2154 1452 2200 quod
1489 2155 1594 2188 etiam

117 2204 224 2249 peius
250 2210 304 2239 est
328 2205 480 2240 stultitia
504 2206 638 2250 priore.

248 2263 295 2298 Et
319 2265 479 2309 quintum
521 2265 664 2299 stultum
703 2265 818 2307 illud,
855 2266 948 2310 quod
986 2265 1090 2298 etiam
1129 2264 1316 2297 confirmas
1353 2260 1591 2306 ignorantiam

118 2316 213 2345 tuam
243 2317 279 2345 et
303 2311 495 2346 multorum
521 2314 718 2347 doctrinam
754 2314 901 2347 deorum
936 2312 1172 2356 perversione
1205 2311 1379 2345 dictorum
1406 2307 1592 2344 Athanasii

119 2359 252 2404 magni.
302 2359 345 2394 ad
370 2370 477 2394 unum
504 2361 598 2394 enim
632 2361 697 2395 ille
724 2362 809 2395 dicit
834 2361 963 2394 referri
1000 2359 1062 2394 illa
1086 2365 1139 2392 tot
1168 2360 1326 2400 nomina,
1355 2357 1520 2390 nimirum
1551 2355 1594 2388 ad

119 2407 326 2441 essentiam.
377 2413 415 2441 tu
443 2414 560 2442 autem
587 2409 790 2453 imprudens
818 2414 941 2442 contra
966 2414 1001 2442 te
1035 2407 1185 2441 attulisti
1215 2417 1318 2451 quem
1347 2415 1411 2449 pro
1438 2409 1474 2437 te
1500 2401 1594 2437 alla-

118 2458 217 2488 turus
246 2464 336 2488 eras.
387 2460 457 2489 tam
486 2457 582 2490 rudis
625 2467 663 2489 es
693 2462 728 2490 et
754 2456 859 2490 valde
894 2455 1061 2489 incultus.
1121 2454 1250 2488 deinde
1290 2458 1325 2486 et
1350 2451 1532 2485 materiem
1562 2455 1597 2483 et

118 2501 361 2546 expletionem
395 2502 595 2538 divinitatis
631 2504 720 2537 haec
753 2505 831 2548 ipse
873 2504 1055 2545 nominat,
1089 2512 1160 2536 non
1200 2507 1318 2534 tamen
1356 2499 1595 2539 divinitatum,

115 2559 207 2594 quae
231 2549 275 2583 ab
304 2551 474 2594 essentia,
499 2556 538 2585 ut
562 2556 600 2585 tu
627 2553 696 2593 vis,
727 2557 761 2585 et
788 2552 882 2585 inter
907 2562 946 2584 se
972 2551 1148 2592 differant,
1176 2548 1352 2594 quomodo
1390 2547 1483 2580 enim
1510 2544 1596 2579 talia

115 2597 236 2631 dicere
264 2598 390 2641 possit,
416 2599 477 2642 qui
501 2599 545 2632 ad
570 2609 675 2635 unum
702 2599 766 2632 illa
792 2599 921 2632 referri
948 2599 1048 2641 dicit,
1075 2598 1238 2631 nimirum
1264 2596 1306 2629 ad
1335 2595 1537 2628 essentiam.

261 2661 325 2694 Est
350 2666 466 2695 autem
491 2667 680 2707 practerea
707 2668 844 2696 sextum
874 2662 1017 2696 stultum
1045 2661 1156 2702 illud,
1193 2659 1287 2704 quod
1321 2658 1479 2692 divinum
1506 2667 1599 2702 quo-

136 2717 207 2753 qne
248 2708 447 2742 criminaris
473 2708 745 2751 Damascenum,
783 2711 875 2754 quod
912 2715 947 2743 et
986 2710 1099 2754 ipsum
1126 2708 1265 2753 planius
1292 2717 1312 2740 a
1336 2705 1439 2739 nobis
1479 2709 1605 2749 postea

129 2755 289 2792 dicetur.
349 2756 647 2793 demonstrabitur
676 2758 788 2803 enim,
822 2758 1024 2803 significare
1053 2762 1088 2791 et
1124 2756 1267 2790 differre
1293 2764 1365 2788 non
1394 2763 1473 2786 csse
1500 2753 1604 2794 idem,
