1826 3120
256 166 354 216 220
676 171 971 217 NICEPHORI
1012 170 1319 215 GREGORAE
1391 202 1393 206 -
1569 174 1576 190 ¹

254 276 410 335 πλάνης
438 279 622 334 ἐχόντων
641 279 840 336 ὁμιλητήν
862 281 991 330 α’ξιοῖς
1018 281 1092 321 νῦν
1120 269 1467 334 προσεληλυθότα
1500 280 1712 335 γενέσθαι,

255 341 322 387 ὅτε
355 348 427 388 καί
463 345 768 401 μυριοπλάσιον
814 348 868 388 δι’
900 346 1031 401 εὐχῆς
1063 344 1313 402 καθεστήκοι
1352 362 1424 400 μοι
1455 348 1616 400 μᾶλλον
1638 348 1713 402 τῆς

255 414 330 453 νῦν
362 411 541 469 ἐχούσης
566 412 639 468 τήν
682 415 786 466 ἐμοῦ·
814 415 892 456 καί
926 412 1045 466 ὅμῶν
1073 411 1231 466 μεταξύ
1271 412 1447 469 τοπικὴν
1489 411 1712 456 διάστασιν

251 477 452 532 γίνεσθαι.
513 481 601 521 ἀλλ’
642 478 766 522 ἄπιθι
805 478 911 535 πρὸς
941 482 1073 532 θεοῦ,
1104 483 1176 522 καί
1217 478 1274 536 μή
1304 495 1359 531 με
1400 478 1506 534 πρὸς
1543 481 1712 530 πλείους

253 546 418 597 ἐρέθιζε
445 544 613 600 λόγους·
686 547 807 589 οὐδὲν
850 545 929 601 γάρ
973 549 1015 598 ἐξ
1055 548 1161 601 ἐμοῦ
1188 562 1255 589 σοι
1291 547 1374 588 τῶν
1411 545 1513 589 κατὰ
1543 544 1745 602 γνώμηνῦ

253 607 352 654 οὔτε
379 615 583 664 λελέξεται
617 608 714 655 οὗτε
743 613 1017 668 πεπράξεται.

165 688 240 720 66
388 682 619 728 Ματθαῖος
646 682 724 733 μὲν
769 675 843 723 οὖν
869 679 890 721 ό
922 682 1011 730 νέος
1041 683 1195 730 ἐκεῖνος
1231 680 1449 734 βασιλεύς,
1476 677 1605 723 εἰπών
1633 683 1711 733 μὲν

254 744 283 788 ἃ
306 744 433 800 μήπω
461 745 566 800 πρὸς
602 745 756 803 ἕτερον,
787 746 974 803 α’κηκοώς
1015 750 1052 790 δ’
1083 746 1111 789 ἃ
1139 746 1268 802 μήπω
1313 745 1417 801 πρὸς
1446 743 1604 803 ἑτέρου,
1633 743 1711 789 λυ’-

253 830 331 868 πης
363 812 434 855 καί
459 810 647 866 ἆθυμιάς
668 813 821 868 μεστὸς
850 816 1028 869 ἐγεγόνει
1061 813 1118 870 μὴ
1164 814 1270 857 κατὰ
1310 813 1481 870 γνώμην
1513 815 1584 869 τῆς
1613 811 1712 868 ὅμι-

253 883 347 929 λιάς
377 883 664 936 κεχωρηκυιάς
694 882 824 939 αύτῷ.
883 884 956 924 καί
987 881 1183 936 ἐβούλετο
1210 883 1287 935 μὲν
1313 879 1374 923 ἔτι
1405 882 1540 934 λέγειν
1557 873 1610 924 ’τε
1641 883 1713 923 καί
1725 894 1769 929 10

253 941 446 988 ἀκούειν·
506 943 594 988 ἀλλ’
625 945 733 1003 ὁρῶν
763 950 835 1001 ἐμὲ
864 950 1038 1005 μηδαμῇ
1080 950 1187 1004 μηδὲ
1225 951 1354 1003 μέχρι
1381 949 1563 1004 βραχέος
1596 948 1711 991 ἔνδι-

253 1012 379 1054 δόντα
412 1013 487 1067 τὴν
518 1012 644 1068 ἀκοήν
688 1012 841 1072 ἀπῄει,
873 1014 950 1063 τὰς
979 1017 1056 1056 τοῦ
1087 1014 1247 1070 πατρὸς
1289 1015 1397 1068 ὁμοῦ
1428 1014 1500 1056 καί
1527 1018 1600 1070 τῆς
1626 1031 1710 1070 μη·-

251 1078 348 1134 τρός
374 1079 693 1135 ἀφαιρούμενος
723 1077 856 1137 ἄρδην
885 1080 1071 1131 ἐλπίδας.
1140 1081 1204 1123 διὸ
1238 1084 1311 1124 καί
1341 1080 1636 1139 ἀσφαλέστερα
1666 1098 1710 1125 τε

252 1147 323 1188 καί
346 1145 567 1202 βιαιότερα
600 1150 697 1188 καθ’
727 1145 845 1203 ἦμῶν
891 1146 941 1191 τοὶ
983 1151 1056 1204 τῆς
1085 1148 1245 1205 εἱρκτῆς
1267 1144 1399 1197 αὖθις
1422 1150 1605 1203 ἐγίνετο,
1633 1149 1710 1191 τοῦ

250 1214 491 1265 παλαμικοῦ
520 1212 675 1255 θιάσου
705 1217 935 1267 βασκανίας
965 1215 1099 1257 εἵνεκα
1130 1214 1203 1270 τὴν
1234 1218 1315 1258 τῶν
1341 1216 1550 1269 βασιλέων
1581 1213 1711 1271 ὄργὴν
1725 1226 1768 1260 15

250 1275 517 1332 ἐρεθίσανιός
547 1296 588 1321 τε
618 1283 690 1322 καί
731 1282 1079 1336 α’ναρριπίσαντος
1121 1283 1162 1331 ἐς
1201 1280 1244 1324 τό
1281 1282 1581 1336 α’κμαιότερον·
1639 1283 1714 1323 καί

252 1343 434 1396 ἠνύομεν
463 1340 590 1394 αὖθις
618 1346 784 1389 οὑτωσί
802 1365 889 1398 πως
919 1347 962 1390 τό
1005 1347 1150 1390 λοιπὸν
1186 1350 1264 1390 τοῦ
1289 1351 1384 1402 βίου
1418 1349 1598 1406 μηδαμῇ
1626 1364 1711 1402 μη-

253 1411 323 1452 δὲν
351 1413 453 1466 μηδ’
482 1411 659 1455 ὁθενοῦν
686 1412 779 1469 μήτ’
814 1415 981 1456 α’κούειν
1009 1413 1115 1470 μήθ’
1146 1412 1306 1468 ὁμιλεῖν
1336 1414 1515 1470 ἔχοντες.

163 1488 234 1522 6⁸2
386 1481 597 1532 Βραχεῖαι
636 1483 851 1534 παρῆλθον
895 1483 1055 1523 ἐκεῖθεν
1099 1481 1282 1536 ἡμέραι,
1329 1482 1409 1523 καίγ
1434 1480 1540 1533 μετὰ
1588 1479 1710 1523 δυ’σιν

252 1541 371 1599 ἡλίου
404 1546 601 1599 δευτέρας
632 1542 744 1602 ὥρας
773 1541 870 1602 ἄρτι
900 1550 1139 1603 νυκτερινῆς
1158 1544 1372 1603 α’γομένης,
1402 1545 1565 1598 καὶτὰς
1583 1543 1767 1600 ἔσκε-20

78 1620 103 1659 ί.
123 1612 370 1664 117v.91'ovc
403 1613 507 1664 ἐμοῦ
536 1612 731 1667 συνήθως
763 1613 877 1671 ᾠδὰς
909 1611 1181 1663 ἀποδιδόντος
1212 1616 1385 1671 Χριστῷ
1414 1614 1472 1672 τῷ
1499 1616 1584 1673 θεῷ
1613 1615 1711 1667 περὶ

251 1673 298 1716 τό
325 1677 401 1718 τοῦ
447 1675 560 1719 οἴκου
595 1679 813 1734 ἐνδότερον
835 1715 846 1736 ‚
889 1679 994 1721 ἔνθα
1037 1679 1109 1722 καί
1153 1678 1228 1735 τήν
1258 1680 1389 1723 αὐτοῦ
1419 1679 1545 1723 θειάν
1572 1679 1708 1723 εἰκόνα

249 1742 355 1796 μετὰ
408 1746 479 1799 τῆς
527 1745 662 1787 αὐτοῦ’
706 1748 920 1801 πανα’γνου
962 1745 1120 1801 μητρὸς
1162 1746 1293 1789 πάλαι
1333 1746 1700 1804 προεστησάμεθα,

250 1920 407 1954 criminis
434 1920 613 1954 ductarum
631 1920 766 1955 socium
793 1931 849 1954 me
875 1919 938 1954 tibi
964 1919 1137 1954 obvenire
1161 1920 1268 1963 velis,
1295 1930 1400 1964 quum
1420 1920 1589 1954 maiorem
1613 1930 1706 1966 quo-

250 1978 318 2012 que
344 1978 447 2012 quam
473 1978 563 2012 quae
580 1978 674 2001 nunc
697 1973 751 2002 est
776 1968 869 2001 inter
889 1977 944 2000 me
969 1977 1107 2012 vosque
1132 1967 1329 2002 distantiam
1348 1967 1426 2001 fore
1451 1977 1706 2011 saepenumero

249 2015 285 2047 in
313 2016 407 2048 votis
434 2014 611 2048 haberem.
672 2015 733 2048 sed
758 2015 865 2048 abeas
900 2025 977 2047 cum
1004 2015 1069 2049 deo
1105 2024 1173 2047 nec
1197 2019 1236 2048 ut
1272 2013 1375 2058 plura
1398 2013 1525 2058 loquar
1549 2024 1605 2048 me
1630 2015 1699 2047 im..

249 2060 383 2105 pellas3
425 2062 513 2095 nihil
560 2062 652 2095 enim
687 2071 807 2095 eorum
848 2071 938 2106 quae
974 2072 1018 2095 ex
1052 2061 1235 2095 voluntate
1280 2066 1340 2094 tua
1385 2066 1466 2095 sunt
1497 2061 1608 2095 dicam
1642 2067 1702 2095 aut

249 2109 386 2142 faciam.

381 2173 576 2207 Matthaeus
611 2174 720 2218 igitur
757 2184 822 2208 rex
855 2173 920 2207 ille
953 2173 1122 2208 iuvenilis
1159 2183 1263 2217 quum
1296 2177 1392 2206 esset
1437 2171 1578 2207 locutus
1615 2182 1706 2217 quae

251 2220 403 2254 nondum
432 2221 474 2254 ad
501 2220 664 2263 alterum,
692 2226 727 2254 et
752 2222 909 2255 audisset
934 2231 1024 2265 quae
1049 2220 1201 2253 nondum
1229 2219 1272 2253 ab
1298 2219 1424 2260 altero,
1450 2224 1545 2252 totus
1573 2220 1610 2252 in
1636 2220 1704 2252 tri-

251 2268 379 2301 stitiam
409 2274 444 2301 et
469 2268 752 2311 desperationem
778 2268 866 2302 abiit
889 2278 993 2312 quum
1027 2267 1246 2311 colloquium
1276 2276 1348 2299 non
1376 2277 1420 2299 ex
1445 2266 1623 2299 sententia
1642 2276 1705 2299 sua

252 2315 432 2348 cessisset.
484 2315 630 2348 volebat
655 2317 794 2360 quidem
831 2315 982 2348 blandiri
1013 2320 1048 2348 et
1081 2314 1230 2355 audire5
1258 2314 1320 2347 sed
1345 2323 1449 2357 quum
1483 2313 1625 2346 videret
1647 2323 1704 2345 me

250 2372 296 2394 ne
321 2361 504 2405 paulisper
534 2362 673 2406 quidem
701 2364 852 2395 animum
879 2362 1079 2403 advertere,
1105 2360 1190 2394 abiit
1215 2371 1277 2404 spe
1295 2365 1478 2404 parentum
1505 2359 1612 2403 plane
1638 2359 1704 2392 de-

251 2409 405 2442 stitutus.
457 2414 646 2452 propterea
671 2410 779 2442 tutior
816 2415 850 2443 et
875 2409 1034 2442 securior
1060 2408 1218 2441 custodia
1241 2412 1361 2440 nostra
1395 2407 1488 2440 facta
1521 2412 1576 2440 est
1600 2416 1704 2451 quum

250 2455 412 2488 Palamae
450 2456 550 2489 turba
577 2456 827 2490 calumniarum
852 2466 957 2489 causa
990 2466 1112 2503 regum
1142 2456 1227 2488 iram
1264 2454 1435 2487 excitaret
1472 2459 1508 2487 et
1543 2458 1702 2496 augeret.

249 2512 317 2535 nec
344 2512 449 2545 porro
476 2514 540 2546 per
566 2504 742 2548 reliquum
768 2504 863 2537 vitae
890 2503 1037 2546 spatium
1064 2501 1190 2542 habui,
1228 2512 1248 2534 a
1280 2510 1348 2544 quo
1375 2501 1531 2534 audirem
1570 2499 1704 2545 aliquid

250 2554 309 2582 aut
333 2558 482 2593 quocum
509 2550 747 2595 colloquerer.

344 2612 470 2647 Paucis
487 2614 614 2648 deinde
633 2613 756 2648 diebus
773 2614 1038 2658 praeterlapsis,
1062 2618 1142 2657 post
1155 2613 1241 2647 solis
1257 2622 1418 2645 occasum
1435 2611 1589 2645 secunda
1618 2610 1705 2644 hora

255 2664 426 2694 nocturna
441 2672 544 2705 quum
561 2662 765 2705 vespertina
781 2667 819 2695 ut
835 2661 934 2695 soleo
954 2661 1106 2694 carmina
1124 2660 1310 2694 recitarem
1325 2659 1465 2694 Christo
1481 2658 1548 2692 deo
1562 2659 1598 2691 in
1615 2666 1706 2691 con-

261 2707 373 2740 clavis
395 2708 539 2752 angulo,
566 2709 623 2742 ubi
642 2710 799 2743 divinam
818 2711 893 2743 eius
912 2710 1098 2753 imaginem
1115 2713 1220 2752 atque
1242 2708 1482 2741 sanctissimae
1498 2707 1574 2740 eius
1587 2704 1706 2739 matris

264 2753 348 2791 olim
363 2753 631 2798 collocavimus,
655 2756 826 2805 'tumultus
850 2760 997 2800 repente
1023 2755 1258 2798 turbulentus,
1286 2759 1440 2788 motuum
1461 2753 1594 2789 veteris
1613 2757 1706 2789 tem-
