1786 3138
240 94 336 144 536
642 97 1426 145 mortuom-samonum<

239 208 388 252 κανόσι
417 209 490 252 καί
517 209 662 264 νόμοις
694 209 1054 263 συγκεχωρῆσθαι
1072 209 1176 263 μήτε
1204 209 1259 265 τῇ
1281 205 1402 266 κοινῇ
1408 211 1505 254 ,τῶν
1531 213 1697 255 πολλῶν

239 277 443 336 συνηθείᾳ
475 276 865 331 προκατειλῆφθαι,
901 274 989 316 ἀλλ’
1037 270 1147 316 εἶναι
1177 276 1376 328 καθάπαξ
1411 277 1632 321 ἀλλόκοτόν
1657 295 1699 322 τι

235 346 386 402 χρῆμα
416 343 489 386 καί
515 343 624 384 πάνυ
654 339 1040 397 τερατωδέστατον,
1070 340 1144 396 τὴν
1179 343 1262 384 τῶν
1290 343 1480 400 πατρίων
1509 344 1700 401 αἰσχρῶς

152 417 226 451 14
243 410 557 468 ἀφαιρούμενον
586 408 799 464 πρόνοιαν.
879 408 916 450 εἰ
964 403 1038 450 οὖν
1076 407 1147 451 τόν
1193 407 1415 464 ὁμώνυμον
1451 410 1699 461 καθελόντες

238 479 312 533 τῆς
346 477 465 527 οἷξιάς
497 476 735 518 Κάλλιστον
764 472 852 530 ,τὸν
893 474 1120 531 Συμεώνην
1159 474 1522 532 ἀντεισαγοίγωμεν
1557 472 1730 528 adstas-,5

241 543 437 599 ἀφίξεται
463 541 536 597 τὴν
553 542 756 596 ταχίστην
772 543 992 595 καταβοῶν
1013 542 1168 591 ἐκεῖνος
1185 542 1258 584 καί
1273 543 1544 599 κατατρέχων
1572 542 1697 599 ἡμᾶς,

238 610 311 651 καί
351 609 538 650 ἀπαιτῶν
584 607 691 663 ἅπερ
745 607 846 663 ἡμῖν
888 608 1083 650 ἐδεδώκει
1128 610 1246 664 δῶρα
1283 610 1358 664 τῆς
1403 608 1700 666 ἀρχιερατικῆς

240 676 359 727 ἀξίας
388 676 507 717 ἕνεκα
539 675 698 726 πάντα,
741 678 794 717 δι’
828 673 940 717 ὅσων
969 674 1092 724 αὐτὸς
1127 676 1301 731 ἐπρίατο
1328 674 1402 731 τὴν
1428 675 1698 732 μητρόπολιν.
1737 678 1741 685 ’

205 764 207 766 ·
238 741 263 785 ὃ
295 742 345 797 δὴ
375 743 541 783 πολλῶν
568 744 704 799 ξιφῶν
740 741 1024 798 δριμυτέραν,
1049 744 1156 796 μετὰ
1189 742 1300 802 πάνυ
1329 744 1500 798 μακρᾶς
1526 744 1697 798 τῆςάἷ-

239 809 405 863 σχύνης,
432 809 485 864 τῇ
509 809 592 864 ἐμῇ
621 809 786 862 κομίζει
816 810 943 864 ψυχῇ
981 806 1053 862 τὴν
1081 807 1258 863 ὀδύνην·
1327 807 1365 850 οἱ
1395 807 1476 864 γὰρ
1501 807 1573 851 καί
1598 807 1698 863 πρὶν
1712 811 1756 846 10

240 876 299 924 εἷς
331 873 518 925 ἐξέτασιν
548 874 657 916 ἰέναι
686 872 760 923 τοὶς
788 873 891 928 ἐμὰς
935 875 1053 923 δίκας
1095 875 1168 916 καί
1201 875 1312 930 ,πρίν
1342 874 1699 931 ἅνακαλυφθῆναι

236 940 289 983 τὰ
317 942 617 997 προτεινόμενα
645 943 745 982 καθ’
772 939 893 996 ἡμῶν
936 941 1178 997 ἐγκλήματα
1209 943 1368 997 πικρῶς
1411 939 1512 996 ἡμῖν
1541 941 1698 995 ἐμβάλ-

240 1011 326 1049 λειν
359 1006 514 1049 οὖτωσί
539 1005 634 1056 τοὺς
663 1006 837 1057 ὀδόντας
871 1006 1136 1056 ἀπειλοῦντες
1167 1008 1401 1058 ἐπίσκοποι,
1430 1007 1503 1050 καί
1531 1006 1570 1049 οἱ
1603 1007 1697 1062 μεί-

243 1076 339 1127 ζους
370 1075 452 1116 τῶν
484 1073 815 1130 προτεινομένων
844 1073 905 1116 ἔτι
931 1075 1182 1127 μελετῶντες
1220 1074 1436 1130 ἐπιφέρειν
1468 1075 1697 1130 λοιδορίας,

241 1139 438 1194 ἀσέβειαν
468 1140 544 1193 οὐχ
577 1139 712 1195 ἁπλῆν
741 1141 833 1181 τινὰ
868 1140 941 1183 καί
967 1142 1167 1195 μονοειδῆ
1204 1138 1311 1181 ἀλλὰ
1340 1140 1531 1198 ποικίλην
1557 1156 1602 1183 τε
1625 1140 1698 1182 καί
1711 1140 1754 1175 15

65 1208 91 1245 f.
107 1208 176 1245 265
191 1220 222 1244 a.
237 1205 342 1248 πολὺ
372 1207 716 1263 προβαλλομένην
757 1206 802 1248 τὸ
833 1207 1057 1263 ἀφόρητον,
1088 1206 1197 1256 τίνος
1239 1204 1289 1248 ἂν
1323 1207 1697 1264 φείσαιντογλώτ-

235 1290 308 1329 της
339 1275 396 1323 εἰς
427 1274 517 1330 φῶς
544 1273 818 1329 προηγμένων
854 1275 937 1316 τῶν
981 1272 1310 1329 θρυλλουμένων
1352 1273 1431 1327 μὲν
1472 1272 1618 1323 ἄξι’ωςο,
1654 1273 1698 1314 ἐν

150 1344 222 1378 15
235 1341 382 1396 νέφεσι
412 1342 450 1382 δ’
477 1339 581 1389 ἴσως
608 1340 681 1381 καί
711 1341 955 1396 δισταγμοῖς
978 1339 1064 1382 τισί
1091 1338 1390 1395 κρυπτομένων
1415 1338 1492 1381 ἔτι.
1548 1337 1629 1394 ἐγώ
1658 1340 1696 1380 δ’

239 1409 369 1450 ἐκεῖνο
397 1407 646 1461 τεθαύμακα
680 1409 763 1449 τῶν
810 1408 969 1449 σκαιῶν
994 1422 1038 1448 τε
1079 1406 1152 1448 καί
1188 1405 1480 1462 χαιρεκάκων,
1529 1407 1618 1456 πῶς
1644 1405 1698 1448 τοὶ

240 1470 402 1515 ἑαυτῶν
436 1472 596 1529 αἰσχρὰ
624 1473 1071 1530 παρατρέχοντεςιτοῖς
1102 1474 1218 1527 ἐμοῖς
1250 1472 1388 1522 ἀτενὲς
1414 1473 1592 1528 ἐνορῶσι
1624 1472 1697 1515 καὶ
1709 1477 1756 1513 20
1785 1472 1786 1477 ’

239 1544 331 1588 ταῖς
363 1541 484 1593 ἐμαῖς
511 1540 804 1595 ἐπιγάννυνται
838 1540 1093 1595 λοιδορίαις,
1123 1540 1197 1581 καί
1218 1539 1402 1593 μάλιστα
1431 1537 1596 1580 πάντων
1623 1536 1697 1592 τὴν

238 1607 320 1647 τῶν
351 1606 681 1647 ΖΡΙασσαλιανῶν
705 1621 781 1659 μοι
821 1605 1202 1660 προσονειδίζοντες
1236 1605 1421 1660 αἵρεσιν,
1461 1601 1600 1656 συχνὰ
1626 1602 1699 1645 καί

239 1671 437 1721 πολλάκις
470 1671 810 1726 ἐνδιαβάλλοντές
837 1687 881 1713 τε
910 1670 958 1712 οὗ
994 1672 1262 1714 διαλείπουσι
1288 1670 1362 1713 καί
1391 1671 1490 1727 περὶ
1516 1667 1590 1725 τὴν
1619 1668 1696 1710 αὖ-

236 1840 335 1873 tione
362 1848 480 1872 secum
505 1839 734 1882 adduxerant,
762 1849 868 1873 unum
892 1839 1045 1873 medium
1069 1839 1184 1873 visum
1209 1839 1266 1873 sit.
1293 1838 1477 1883 respondit
1501 1838 1617 1872 enim:
1645 1839 1696 1873 “si

237 1887 303 1919 duo
331 1891 435 1919 erunt
458 1896 526 1919 una
551 1886 586 1918 in
614 1886 802 1930 metropoli
827 1886 1095 1931 metropolitae,
1122 1886 1156 1920 id
1180 1896 1299 1931 neque
1337 1890 1537 1919 sanctorum
1562 1890 1699 1930 patrum

237 1932 429 1966 canonibus
458 1938 491 1965 et
516 1932 656 1976 legibus
684 1934 872 1975 convenit,
898 1944 1016 1978 neque
1061 1938 1230 1967 consueto
1269 1942 1367 1966 more
1400 1933 1596 1965 institutum
1632 1938 1697 1974 est,

236 1980 298 2014 sed
324 1979 433 2012 alieni
461 1980 621 2024 quiddam
649 1979 753 2014 habet
789 1986 824 2013 et
868 1990 1009 2024 prorsus
1037 1981 1139 2022 miri,
1181 1985 1215 2013 et
1240 1980 1391 2024 turpiter
1418 1979 1533 2012 aufert
1560 1984 1697 2022 patrum

240 2026 468 2061 voluntatem.
519 2027 586 2060 iam
616 2037 701 2060 vero
740 2028 770 2061 si
796 2028 938 2061 nomine
963 2027 1065 2061 nobis
1103 2031 1314 2071 congnatum
1341 2025 1524 2060 Callistum
1566 2026 1697 2070 expul-

238 2074 366 2107 erimus
401 2084 546 2107 munere
581 2083 668 2115 suo,
703 2079 737 2107 et
774 2074 984 2117 symeonem
1017 2085 1136 2108 rursus
1163 2073 1441 2115 restituerimus,
1482 2073 1598 2106 statim
1633 2072 1697 2107 ille

237 2131 314 2154 cum
339 2120 495 2153 clamore
519 2121 561 2154 ad
586 2131 650 2154 nos
677 2121 878 2165 properabit
902 2131 1038 2166 nosque
1065 2120 1208 2155 vexabit
1232 2125 1266 2154 et
1299 2125 1464 2163 reposcet
1489 2119 1579 2153 dona
1605 2130 1696 2165 quae

235 2167 337 2201 nobis
381 2168 478 2200 dedit
516 2178 578 2211 pro
615 2168 808 2212 episcopali
842 2178 1011 2210 munere,
1054 2173 1179 2201 cuncta
1219 2167 1345 2211 quibus
1378 2166 1601 2210 metropolim
1626 2166 1694 2200 sibl
1743 2196 1750 2202 .

238 2215 331 2247 emit.
383 2214 450 2246 hoc
477 2220 592 2247 autem
630 2214 789 2248 dolorem
830 2214 949 2248 multis
984 2214 1112 2258 gladiis
1149 2214 1318 2247 acriorem
1357 2223 1426 2246 una
1467 2223 1593 2258 magna
1619 2223 1696 2247 cum

235 2261 379 2294 infamia
414 2260 499 2293 mihi
534 2262 680 2304 parabit.
744 2272 822 2295 nam
859 2262 1018 2306 episcopi
1053 2262 1111 2306 qui
1148 2261 1349 2305 priusquam
1388 2260 1430 2293 ad
1470 2260 1698 2294 examinanda

237 2308 383 2341 crimina
407 2313 488 2340 eant
516 2314 549 2341 et
575 2314 739 2352 retegant
765 2319 818 2350 ea,
848 2309 1019 2341 acerrime
1046 2309 1081 2341 in
1108 2319 1163 2341 me
1191 2307 1350 2341 dentibus
1378 2306 1565 2348 frendunt,
1593 2307 1697 2341 etiam

237 2355 357 2399 plures
385 2364 497 2388 novas
527 2355 681 2388 maculas
716 2355 801 2388 mihi
841 2355 998 2388 obiicere
1033 2360 1156 2388 curant
1187 2355 1399 2397 impietatem
1436 2354 1597 2387 nimirum
1625 2363 1696 2388 non

237 2403 398 2445 exiguam
415 2406 449 2434 et
468 2407 569 2434 unam
592 2403 652 2435 sed
673 2412 831 2447 magnam
853 2408 888 2435 et
907 2413 1062 2446 pravam,
1089 2402 1263 2447 quomodo
1286 2402 1429 2445 parcant
1444 2399 1588 2444 linguae
1605 2401 1635 2434 si
1660 2401 1696 2434 in

234 2449 350 2481 lucem
378 2448 566 2490 prodibunt
593 2459 682 2492 quae
708 2459 800 2482 nunc
825 2460 951 2482 revera
971 2449 1110 2493 quidem
1135 2449 1170 2481 in
1189 2457 1328 2481 rumore
1353 2448 1512 2488 haerent,
1539 2447 1602 2484 sed
1626 2458 1696 2481 nu-

234 2495 335 2528 bibus
361 2494 474 2528 adhuc
515 2501 548 2528 et
587 2496 867 2529 dubitationibus
906 2496 1083 2529 occultata
1112 2493 1222 2529 sunt?
1278 2495 1436 2539 equidem
1468 2494 1535 2527 hoc
1561 2493 1695 2527 inillis

234 2541 394 2575 molestis
424 2547 458 2574 et
484 2542 669 2576 malevolis
700 2542 899 2576 hominibus
926 2543 1115 2576 admiratus
1145 2552 1245 2583 sum,
1272 2541 1363 2585 quod
1398 2542 1553 2584 ipsorum
1578 2541 1695 2584 turpi-

238 2588 368 2621 tudinis
394 2589 614 2623 immemores
645 2599 744 2622 meae
779 2591 946 2623 continuo
989 2589 1220 2630 inhaereant,
1259 2594 1294 2621 et
1319 2588 1405 2621 meis
1431 2587 1580 2622 maculis
1604 2597 1696 2631 gau-

240 2636 356 2676 deant,
385 2641 419 2668 et
445 2646 529 2679 prae
555 2637 634 2670 aliis
661 2636 820 2670 omnibus
861 2637 904 2670 de
930 2636 1199 2671 Masalianorum
1231 2633 1371 2669 haeresi
1406 2644 1460 2668 me
1495 2633 1694 2677 obiurgent.

241 2682 420 2715 enimvero
447 2684 571 2718 crebro
602 2688 635 2717 et
659 2683 826 2721 continuo
854 2683 1108 2718 calumniantur
1127 2692 1183 2716 me
1204 2691 1320 2727 neque
1345 2691 1495 2727 unquam
1518 2681 1694 2722 desinunt,
