1826 3120
294 133 393 185 304
703 142 1001 188 NICEPHORI
1043 140 1345 187 GREGORAE

292 245 482 298 ἀτελοῦς.
537 252 577 293 εἰ
605 249 684 304 γάρ
721 249 911 305 ἀλλήλων
935 230 1103 306 ὶᾶλληλα
1134 251 1331 306 διαφέρει
1351 281 1364 304 ,
1393 251 1612 306 ἐπέρηται
1640 251 1752 293 πάν-

115 317 141 353 f.
163 318 229 355 143
248 330 277 354 r.
293 329 373 364 τως
404 315 594 371 ἀλλήλων
638 311 799 372 ἄλληλα
839 317 934 358 καθ’
976 313 1000 356 ὃ
1045 318 1263 372 διαφέρει,
1304 315 1377 359 καί
1420 317 1575 370 γίνεται
1612 317 1752 360 δύνα-

293 399 363 435 μις
407 382 484 436 μὲν
515 377 673 439 ἇσοφος
704 380 834 438 σοφία
874 384 913 424 δ’
942 381 1179 439 ἄδύναμος,
1227 382 1298 424 καί
1336 380 1434 432 θεὸς
1479 377 1641 440 ἅσοφος
1678 381 1753 426 καί

294 447 525 502 οἷδύναμος,
562 450 635 490 καί
667 448 733 490 αἐἰ
759 448 863 491 κατὰ
893 448 963 492 τὸν
991 444 1133 501 ὅμοιον
1171 447 1325 503 τρόπον
1356 447 1612 506 ἐστερημένοι
1641 447 1750 492 πάν·-

144 546 147 549 -
203 525 274 558 51
295 531 377 557 των
409 512 576 556 ἅπαντα
612 517 684 556 καί
714 514 892 567 δεόμενα
925 515 1116 570 ἀλλήλων
1148 508 1323 570 ἄλληλα.
1383 517 1491 572 φησί
1513 516 1594 571 γάρ
1624 514 1698 558 κατ’
1725 513 1782 571 65

291 578 486 632 θεολόγος
502 579 733 635 Γρηγὸριος
759 580 852 630 “τίς
883 580 1059 631 ἀτελοῦς
1089 582 1282 637 θεότητος
1303 577 1481 637 ὅνησιςς
1511 585 1670 636 μᾶλλον
1699 583 1746 625 δὲ

291 649 350 695 τίς
375 646 527 702 θεότης
559 646 584 700 ἦ
610 644 668 700 μή
697 650 863 700 τελείας
897 650 1033 690 τελεία
1064 650 1110 690 δὲ
1138 649 1225 696 πῶς
1255 639 1280 704 ᾗ
1310 649 1444 690 λείπει
1471 665 1509 692 τι
1541 647 1647 703 πρὸς
1677 665 1749 692 τε-

289 713 477 764 λείωσιν,·
512 715 643 754 λείπει
671 714 717 754 δὲ
758 714 922 764 πάντως
953 713 1012 770 μὴ
1036 713 1198 772 ’ἐχούσῃ
1230 714 1276 756 τὸ
1305 711 1438 769 ἅγιον.
1511 714 1603 771 ἔχοι
1632 717 1672 758 δ’
1696 712 1749 758 ἂν

295 779 396 829 πῶς,
425 775 481 834 μή
512 781 630 822 τοῦτο
662 779 845 835 ἔχουσα,·
878 783 917 824 εἰ
935 780 1013 836 γάρ
1046 775 1152 836 ἄλλη
1175 797 1237 830 τις
1266 780 1380 837 παρὰ
1415 783 1538 825 τοῦτο
1567 781 1595 837 ἤ
1627 780 1748 838 ἅγιό-

289 861 376 900 της,
409 845 479 887 καί
506 844 624 895 εἴτις
657 845 763 903 αὕτη
794 854 966 899 νοεῖται,
997 851 1161 902 λεγέτω,
1192 848 1287 898 τι’ς”.
1346 847 1460 891 καὶὸ
1491 851 1625 905 μέγας
1655 852 1806 901 Boc-10

288 913 443 961 σίλειος
472 911 543 954 “εἰ
577 912 706 968 φύσις
746 910 891 972 αὐτῷ’
937 914 1067 970 φησίν
1104 911 1154 955 “ὄ
1186 913 1395 969 ἁγιασμὸς
1434 912 1490 964 ὥς
1517 914 1650 972 πατρί
1677 918 1751 958 καί

290 975 381 1035 υἱῷ,
415 980 502 1026 πῶς
537 981 677 1034 τρίτης
719 981 810 1021 ε’στί
851 984 924 1023 καί
964 981 1190 1036 α’λλοτριάς
1244 979 1465 1037 φύσεως,·”
1499 984 1582 1039 ιιιεοιί
1621 973 1748 1025 πάλιν

283 1043 502 1100 “α’γαθὸν”
540 1045 649 1101 φησί
683 1044 755 1088 “td
790 1050 956 1100 πνεῦμα
990 1046 1046 1096 ὥς
1072 1048 1229 1102 α’γαθός
1254 1047 1277 1090 ὅ
1310 1046 1445 1104 πατὴρ
1484 1051 1557 1092 καί
1585 1047 1748 1104 ἀγαθὸς

291 1109 311 1152 ὅ
341 1109 386 1152 ἐκ
413 1113 487 1155 τοῦ
533 1111 700 1166 ἀγαθοῦ
745 1117 986 1167 γεννηθείς,
1028 1115 1176 1156 ου’σίαν
1206 1113 1315 1169 ἔχων
1349 1113 1426 1170 τὴν
1455 1115 1749 1171 α’γαθο’τ”ητα.”

206 1195 277 1228 52
291 1177 389 1235 ὁρᾷς
423 1179 509 1226 πῶς
542 1175 622 1232 οὐχ
651 1180 793 1235 ἕτερον
839 1181 910 1235 τῆς
945 1180 1080 1236 ἁπλῆς
1124 1182 1197 1222 καί
1226 1185 1346 1230 θείας
1390 1182 1540 1231 ου’σίας
1579 1180 1805 1237 ἆγιότης15

291 1245 363 1287 καί
389 1244 603 1301 α’γαθότης
650 1249 721 1288 καί
766 1248 954 1301 ἐνέργεια
998 1247 1070 1288 καὶ
1108 1246 1159 1289 τὰ
1190 1250 1394 1302 τοιαῦτα,
1435 1245 1541 1290 α’λλά
1575 1246 1753 1291 ταῦτόνξ

290 1309 390 1354 ἑλοῦ
418 1313 572 1367 τοίνυν,
603 1308 639 1354 αἶ
668 1315 782 1355 καινὲ
812 1312 1012 1369 θεολόγε,
1043 1316 1126 1356 ταῖν
1169 1315 1373 1368 α’σεβειῶν
1415 1314 1619 1371 ὁποτέραν
1649 1316 1751 1357 ἐθέ-

289 1384 387 1427 λεις.
446 1379 595 1428 α’θεΐας
622 1378 700 1434 γάρ
733 1378 806 1421 καὶ
833 1382 1062 1430 πολυθεΐας
1105 1380 1154 1423 τὰ
1192 1384 1345 1424 το”ιαῦα
1379 1385 1500 1439 φέρει
1540 1398 1608 1425 σοι
1646 1398 1751 1438 κρη-

291 1443 407 1499 Ιιινόν,
439 1442 510 1486 υπ’
541 1445 734 1500 α’λλήλων
756 1446 1006 1525 ἐλεγχόμενα
1031 1464 1100 1490 και
1132 1448 1217 1490 κατ’
1244 1449 1434 1504 ἀλλήλων
1454 1447 1748 1500 στασιαζοντα.

294 1511 336 1554 τὸ
367 1513 445 1565 μὲν
470 1510 550 1568 γὰρ
587 1509 729 1554 ἄνισον
769 1512 813 1554 ἐν
857 1518 943 1575 τοῖς
967 1517 1138 1593 επολλοις
1168 1515 1330 1569 ἐλέγχει
1366 1513 1412 1556 τὸ
1443 1515 1650 1592 διάφορον
1679 1517 1751 1558 καί
1760 1537 1807 1574 20

295 1575 539 1632 ἅσύμβατον
565 1579 639 1633 τῆς
671 1579 924 1629 πολυθεῖας·
955 1579 979 1634 ἦ
1011 1581 1056 1621 δὲ
1087 1582 1293 1623 πολυθεϊα
1334 1581 1517 1638 συμφυᾶ
1543 1579 1622 1636 ’τὴν
1652 1575 1750 1623 δια-

294 1782 506 1828 proveniant
531 1793 677 1817 numero
707 1782 815 1826 duali,
842 1784 927 1818 deus
949 1785 1128 1819 increatus
1162 1789 1197 1819 et
1222 1784 1376 1820 visibilis
1411 1784 1603 1819 secundum
1627 1789 1685 1828 te,
1711 1787 1747 1818 et

294 1831 468 1876 quomodo
505 1831 605 1864 multi
631 1831 688 1864 dei
716 1831 773 1873 hi,
809 1833 869 1875 qui
903 1833 1168 1866 consociatione
1199 1834 1248 1867 ita
1273 1833 1467 1877 procedant
1490 1842 1630 1877 semper
1655 1842 1745 1866 con-

294 1883 388 1912 stent
416 1888 493 1911 cum
519 1878 742 1922 imperfecto,
771 1879 900 1912 etenim
927 1880 956 1913 si
982 1880 1098 1913 omnia
1122 1875 1215 1914 inter
1249 1891 1287 1914 se
1313 1880 1490 1922 differunt,
1517 1879 1639 1914 orbata
1663 1883 1745 1913 sunt

293 1936 332 1959 se
363 1925 582 1959 invicemilla
616 1927 708 1970 quod
745 1926 786 1958 ad
811 1926 1044 1960 differentiam
1073 1928 1217 1969 attinet,
1260 1932 1294 1960 et
1332 1927 1450 1961 evadit
1480 1928 1535 1961 vis
1561 1927 1745 1970 insipiens,

294 1973 467 2015 sapientia
494 1973 630 2006 infirma
664 1978 698 2006 et
735 1973 819 2005 deus
846 1974 1019 2017 insipiens
1058 1980 1091 2007 et
1122 1974 1298 2015 infirmus,
1327 1979 1362 2008 ct
1387 1983 1526 2018 semper
1550 1973 1657 2007 simili
1684 1984 1744 2006 ra·-

293 2022 389 2053 tioue
415 2020 499 2052 orba
536 2019 696 2053 omnibus
723 2021 862 2062 omnia,
891 2026 925 2053 et
959 2022 1115 2054 carentia
1150 2032 1191 2054 se
1215 2021 1380 2055 invicem.
1439 2022 1488 2054 ait
1522 2021 1614 2054 enim
1639 2020 1744 2053 etiam

294 2067 485 2110 Gregorius
514 2066 724 2111 theologus:
755 2077 845 2110 quae
870 2067 1064 2102 divinitatis
1089 2068 1317 2111 imperfectae
1348 2067 1495 2110 utilitas,
1521 2069 1600 2102 sive
1626 2068 1744 2110 potius

293 2124 383 2158 quae
429 2119 482 2149 est
507 2114 693 2155 divinitas,
729 2124 818 2158 quae
850 2124 921 2148 non
947 2115 992 2149 sit
1016 2116 1195 2158 perfecta,
1230 2115 1387 2160 perfecta
1426 2120 1543 2148 autem
1568 2114 1741 2159 quomodo

294 2171 372 2194 esse
397 2166 527 2204 potest,
555 2162 610 2194 cui
637 2161 728 2194 desit
760 2162 895 2206 aliquid
925 2163 967 2195 ad
991 2161 1275 2206 perfectionem?
1334 2162 1435 2196 deest
1460 2166 1576 2196 autem
1602 2161 1742 2194 omniuo

292 2217 363 2241 non
390 2208 532 2241 habenti
557 2214 728 2249 sanctum,
755 2208 928 2252 quomodo
955 2215 1071 2242 autem
1095 2209 1242 2251 habeat,
1268 2209 1298 2242 si
1321 2209 1390 2242 hoc
1415 2219 1487 2242 non
1512 2207 1646 2242 habet?
1687 2212 1744 2240 et-

294 2255 386 2288 enim
412 2256 441 2289 si
466 2255 536 2288 alia
568 2261 674 2299 atque
700 2255 767 2289 hoc
794 2261 846 2290 est
874 2258 1058 2311 sanctitas,
1098 2267 1138 2289 ac
1175 2257 1205 2290 si
1229 2266 1297 2300 qua
1325 2266 1373 2290 ea
1391 2257 1593 2300 cogitatur,
1620 2254 1743 2296 dicito,

294 2312 397 2346 quae.
448 2308 482 2335 et
516 2313 661 2347 magnus
686 2303 860 2345 Basilius,
893 2304 923 2337 si
962 2303 1193 2337 sanctificatio
1220 2305 1273 2345 ei,
1307 2303 1446 2349 inquit,
1481 2308 1534 2337 est
1557 2307 1682 2335 natura
1705 2305 1745 2334 ut

293 2350 383 2393 patri
410 2355 445 2382 et
470 2349 556 2391 filio,
585 2350 758 2404 quomo-do
783 2351 910 2383 tertiae
938 2356 991 2384 est
1015 2355 1049 2383 et
1074 2351 1213 2384 alienae
1239 2344 1414 2383 naturae?
1450 2355 1485 2383 et
1511 2358 1650 2390 rursus,
1675 2348 1742 2381 bo-

293 2407 357 2430 nus
385 2402 449 2439 est,
476 2397 603 2441 inquit,
631 2397 775 2440 spiritus
801 2403 838 2430 ut
863 2397 975 2431 bonus
1000 2403 1101 2441 pater
1134 2402 1169 2431 et
1192 2397 1304 2431 bonus
1338 2398 1368 2431 is
1395 2397 1454 2441 qui
1485 2406 1530 2430 ex
1553 2396 1646 2429 bono
1675 2405 1745 2449 ge-
1776 2411 1780 2414 -

293 2450 436 2477 neratus
463 2449 539 2485 est,
567 2445 755 2477 essentiam
781 2444 914 2478 habens
939 2445 1143 2478 bonitatem.
1193 2445 1292 2478 vides
1314 2454 1385 2477 non
1412 2445 1586 2477 diversam
1611 2453 1632 2476 a
1656 2443 1744 2475 sim-

293 2491 379 2534 plici
420 2496 455 2524 et
479 2491 599 2524 divina
624 2492 779 2525 essentia
813 2502 892 2524 esse
917 2493 1136 2526 sanctitatem
1173 2496 1210 2524 et
1233 2491 1423 2524 bonitatem
1456 2495 1491 2523 et
1517 2489 1744 2523 efficientiam

296 2544 331 2571 et
355 2538 452 2580 talia,
479 2538 541 2572 sed
567 2538 725 2572 eandem.
777 2538 871 2582 elige
899 2539 1007 2583 igitur
1035 2544 1174 2581 utrum,
1201 2548 1220 2572 o
1247 2538 1418 2583 theologe
1442 2547 1551 2579 nove,
1577 2536 1743 2591 impieta-

294 2590 363 2618 tem
390 2585 516 2626 malis;
542 2584 628 2618 talia
655 2586 767 2627 enim,
803 2596 867 2629 per
891 2596 930 2619 se
956 2586 1109 2619 invicem
1143 2586 1279 2619 detecta
1307 2591 1341 2618 et
1379 2590 1502 2618 contra
1526 2594 1565 2618 se
1590 2584 1744 2617 invicem

294 2633 487 2676 pugnantia
522 2632 585 2665 tibi
619 2632 769 2666 asserunt
807 2632 1007 2667 barathrum
1041 2633 1212 2677 dogmatis
1247 2631 1379 2666 nullius
1413 2632 1470 2665 dei
1497 2637 1532 2665 et
1555 2630 1744 2664 multorum

294 2680 450 2712 deorum.
501 2679 671 2712 dissimile
700 2680 794 2712 enim
817 2680 853 2712 in
880 2680 1039 2724 plurimis
1075 2680 1208 2724 detegit
1239 2680 1479 2714 diversitatem
1506 2682 1542 2711 et
1569 2676 1744 2711 dissocia-

295 2727 427 2763 tionem
451 2725 651 2771 multorum,
677 2727 804 2774 dogma
830 2732 945 2764 autem
969 2727 1156 2763 multorum
1179 2727 1324 2763 deorum
1351 2737 1429 2762 cum
1453 2729 1652 2763 concretam
1677 2722 1744 2759 ha-
