1826 3120
272 130 365 181 168
482 123 530 190 ‚⁶
674 134 971 180 NlcEPHORl
1011 135 1314 180 GREGORAE

271 256 335 286 vac
368 245 658 297 συμπέπτωκε.
717 246 790 285 καί
819 245 911 284 δέον
936 241 978 290 ἐς
1006 243 1216 298 ἐκδίκησιν
1249 245 1321 298 τῆς
1351 242 1518 299 ὕβρεως
1542 230 1612 288 τδν
1639 262 1728 288 κοι-

267 307 340 352 νὸν
377 312 650 365 διαναστῆναι
677 312 878 364 ’πατέρα,
928 306 947 350 ὃ
987 311 1031 350 δὲ
1065 310 1136 350 καί
1162 308 1418 362 μετόπισθεν
1463 310 1563 367 ἔσχε
1593 310 1726 363 κότον,

178 379 254 416 ὅθ
269 372 383 433 ὄφρα
414 380 574 436 τελέσῃ,
604 376 709 419 κατὰ
743 378 819 418 τοῦ
846 376 978 430 μηδὲν
1019 373 1260 424 ἀδικοῦντος
1290 378 1410 429 ἐμοῦ.
1469 378 1577 420 ἀλλὰ
1607 378 1655 422 τί
1673 395 1726 432 με

266 449 337 489 δεῖ
361 444 412 487 τὰ
439 446 541 485 πᾶσι
575 445 662 499 δῆλ’
692 445 968 496 α’ναμετρεῖνς
1002 443 1161 484 ἐκεῖθεν
1187 442 1268 498 γάρ
1303 441 1488 486 ἐκποδών
1509 459 1564 498 με
1594 451 1728 487 ποιεῖν

263 512 588 568 βουλευσαμένῳ
637 511 692 568 τῷ
742 512 932 567 πενθερῷ
968 508 1041 564 τὴν
1076 513 1275 566 ταχίστην
1310 526 1364 563 με
1409 510 1762 567 διαχρήσασθαιό

265 578 418 621 τούτου
447 577 661 634 παρῄνουν
694 575 731 618 οἱ
761 579 835 630 τῆς
868 579 1126 632 Παλαμικῆς
1156 578 1277 633 δόξης
1307 576 1552 632 αἱρεσιῶται
1571 595 1581 608 ·
1611 581 1730 621 τουτί

265 644 343 700 γὰρ
368 648 409 687 έν
427 647 587 698 βραχεῖ
612 642 688 697 τὴν
713 640 810 698 ὅλην
838 642 952 697 ἔχειν
972 641 1158 699 ἔφασκον
1177 642 1423 699 α’παλλαγῆν
1442 647 1513 699 τῆς
1531 643 1607 700 τῆν
1629 641 1724 702 ὅλην

265 715 319 753 δι’
347 712 419 763 ἐμὲ
442 710 588 764 ψυχήν
631 708 895 765 α’σχολούσης
936 711 1053 768 αὐτῷ
1097 712 1331 766 φροντίδος.
1390 705 1462 753 καί
1486 708 1725 768 τοῦγκλημα

265 779 381 820 λύειν
411 776 534 818 αυ’τοι“
562 774 668 831 πρὸς
699 775 800 818 θεὸν
827 776 1105 830 ὑπισχνοῦντο
1133 783 1302 830 μεσῖται
1332 775 1581 832 γιγνόμενοι.
1610 779 1727 827 τοῦτ’

263 843 404 898 ἔμοιγε
444 846 604 895 βέλτιον
644 839 691 885 ὂν
735 845 811 885 οὐκ
842 839 922 885 οἶδ’
961 839 1074 893 ὅπως
1121 842 1246 894 αὐτὸς
1283 845 1355 886 οὐκ
1393 846 1574 902 ἠθέλησε
1603 845 1722 900 δριῖν.
1740 849 1784 886 10

263 909 358 963 ἐμοί
386 913 464 963 μὲν
493 908 570 964 γὰρ
601 906 712 964 εἶχεν
757 907 809 952 ἅν
839 926 925 958 πως
963 910 1206 966 ἀπαλλαγὴν
1241 912 1325 953 τῶν
1351 908 1444 966 ἑξῆς
1471 909 1518 953 τὸ
1550 913 1724 966 πρᾶγμα

264 978 433 1029 δεινῶν,
473 978 586 1034 αὐτῷ
616 978 662 1024 ,δ’
704 976 940 1031 ἀνθρώπων
981 972 1031 1018 ἄν
1067 994 1153 1027 πως
1198 974 1393 1020 ἁπάντων
1424 974 1596 1020 ὄνειδον.
1657 975 1722 1020 διὸ

262 1041 335 1084 καί
361 1041 511 1097 τρόπον
557 1043 834 1098 ξυννενοηκώς
874 1044 1234 1098 εὐπρεπέστερον,
1274 1043 1497 1098 ὑπερόριον
1526 1046 1727 1101 πατρίδος
1785 1059 1789 1063 ’

261 1110 337 1150 καί
376 1112 608 1163 βασιλικῶν
655 1108 871 1152 ἐπαύλεων
913 1109 1161 1166 α’πειληφώς
1203 1112 1246 1159 ές
1275 1111 1584 1166 Θεσσαλονίκην
1614 1108 1727 1166 α’πή-
1771 1113 1778 1117 Χ

259 1192 373 1231 νεγκε
401 1176 593 1233 τάχιστα,
621 1176 779 1232 μητρὸς
802 1179 880 1230 μὲν
903 1179 974 1219 καί
998 1177 1195 1231 γυναικὸς
1222 1176 1392 1232 ἔρημον,
1419 1174 1499 1219 ’ὑπὸ
1522 1184 1726 1235 φρουροῖς
1739 1185 1782 1222 15

262 1244 309 1284 δὲ
341 1243 414 1284 καί
453 1243 634 1298 φύλαξιν
674 1239 731 1293 ὥς
759 1242 905 1299 νήπιον
947 1245 1036 1285 ἐκεῖ
1075 1241 1148 1285 τὸν
1191 1244 1406 1299 εἰκοσαετῆ
1444 1244 1517 1286 καί
1561 1245 1724 1286 παίδων

261 1303 342 1364 ἤδη
376 1312 536 1364 πατέρα
565 1326 619 1363 με
653 1311 918 1352 καταστάντα
954 1312 1320 1365 παιδαγωγεῖσθαι
1351 1309 1649 1366 προσ-τεταχώς
1678 1310 1724 1354 ἒν

260 1375 428 1434 ιίδέσμῳ
462 1378 564 1425 τέως
597 1376 737 1433 εἱρκτῇ
759 1393 770 1405 ·
828 1379 900 1418 καί
929 1374 1038 1419 οὕτω
1065 1377 1140 1432 τὴν
1179 1377 1286 1432 ἐμὴν
1324 1377 1535 1419 ἀπουσίαν
1564 1377 1724 1431 εὐπρό-

261 1457 401 1492 σωπον
429 1443 650 1497 ειν-’καιρίαν
693 1437 754 1492 οἷς
783 1436 907 1484 οἵδινε
949 1444 1078 1484 πάλαι
1115 1446 1327 1496 σκέμμασι
1365 1446 1439 1485 νῦν
1480 1444 1715 1497 ἐχαρίζετο.

173 1509 327 1550 Εἱΐνα
357 1507 437 1562 γάρ
471 1510 545 1550 καί
573 1511 767 1562 τέταρτον
801 1513 925 1551 τοῦτο
954 1511 1128 1564 προσθῶ
1151 1526 1224 1562 μοι
1256 1514 1312 1567 τῷ
1335 1508 1442 1569 λόγῳ
1465 1511 1614 1564 δεῖγμα
1647 1511 1719 1563 τῆς
1732 1512 1778 1549 20

262 1577 318 1618 δι’
347 1573 484 1628 ὅρκων
517 1576 736 1632 ἀπατηλῶν
784 1578 900 1634 αύτῷ
939 1583 1028 1618 κατ’
1058 1579 1169 1629 ἐμοῦ
1207 1579 1568 1634 συσκευαζομένης
1594 1578 1719 1630 μελέ-

356 1729 389 1763 7.
416 1731 477 1772 τῆς
502 1728 633 1763 addidit
658 1729 844 1763 Boivinus.

260 1882 334 1906 rem
362 1876 396 1905 et
421 1880 571 1915 pompae
594 1871 792 1913 ridiculum,
817 1871 917 1904 domo
940 1871 1082 1915 prodire
1108 1872 1144 1904 in
1167 1871 1283 1904 animo
1298 1870 1466 1905 haberem
1484 1870 1573 1905 haec
1597 1881 1721 1915 passus

259 1930 346 1953 sum.
374 1918 431 1951 hic
447 1924 563 1951 autem
591 1919 694 1952 etiam
717 1923 843 1962 postea
871 1919 1048 1951 occultum
1077 1919 1192 1952 odium
1218 1918 1301 1951 tulit
1327 1923 1366 1951 ut
1392 1918 1553 1962 expleret
1578 1928 1657 1951 eum
1682 1919 1719 1952 in

258 1977 314 1999 me
340 1975 360 1999 a
380 1975 448 2009 quo
474 1965 573 1998 nulla
593 1967 720 1999 iniuria
742 1966 888 1999 affectus
915 1971 1001 1999 erat.
1020 1966 1091 2000 'sed
1118 1965 1200 2010 quid
1226 1975 1316 2009 quae
1342 1966 1426 1999 satis
1453 1965 1611 1999 omnibus
1635 1971 1720 1999 nota

259 2014 330 2047 sint
346 2021 558 2056 expromam.
589 2013 714 2046 deinde
732 2014 822 2045 enim
841 2023 1002 2046 socerum
1018 2023 1122 2058 quum
1147 2012 1320 2057 quomodo
1340 2023 1358 2045 e
1371 2013 1486 2046 medio
1502 2023 1559 2046 me
1575 2011 1720 2046 tolleret

259 2070 379 2094 secum
406 2059 656 2101 meditaretur,
691 2059 852 2093 Palamae
888 2060 1049 2093 asseclae
1080 2066 1117 2093 ut
1143 2070 1242 2104 quam
1271 2059 1457 2092 celerrime
1485 2070 1540 2093 me
1572 2065 1720 2094 necaret

259 2106 432 2140 adhortati
466 2112 558 2139 sunt.
608 2118 686 2140 nam
712 2108 760 2140 ita
787 2118 862 2140 eum
881 2107 983 2141 brevi
1008 2107 1051 2140 ab
1087 2109 1179 2140 omni
1212 2107 1317 2139 animi
1352 2112 1446 2139 metu
1477 2116 1547 2151 quo
1575 2113 1718 2151 propter

258 2164 314 2187 me
341 2158 535 2187 vexaretur
561 2153 705 2187 liberari
732 2154 962 2187 affirmabant.
1026 2155 1123 2198 ipsos
1153 2159 1268 2187 autem
1296 2154 1428 2187 crimen
1454 2154 1618 2201 prescibus
1644 2154 1717 2188 suis

224 2240 226 2242 ¹
258 2201 349 2245 apud
378 2201 478 2233 deum
510 2202 712 2244 expiaturos
740 2212 831 2234 csse.
883 2202 974 2245 quod
1012 2201 1096 2234 mihi
1125 2211 1209 2234 sane
1235 2201 1401 2244 optimum
1435 2201 1562 2234 fuisset
1587 2206 1622 2234 et
1649 2211 1716 2234 ne-

258 2248 332 2281 scio
363 2258 425 2280 cur
452 2248 570 2280 facere
595 2247 762 2281 noluerit.
813 2258 891 2281 nam
921 2247 1108 2282 liberasset
1130 2259 1185 2281 me
1212 2247 1254 2281 ab
1274 2248 1434 2280 omnibus
1459 2258 1549 2292 quae
1572 2253 1716 2282 secutae

258 2300 340 2328 sunt
367 2294 533 2327 miseriis.
596 2296 663 2338 ipsi
692 2305 777 2328 vero
804 2296 927 2328 nescio
966 2306 1010 2328 an
1039 2296 1192 2328 omnium
1223 2294 1448 2338 opprobrium
1469 2300 1582 2328 ortum
1609 2300 1715 2328 esset.

259 2351 368 2386 quare
395 2343 608 2375 commodius
649 2341 782 2385 aliquid
816 2343 1034 2386 excogitavit
1078 2348 1112 2375 et
1146 2352 1247 2386 quam
1287 2341 1473 2374 celerrime
1499 2353 1518 2375 e
1544 2342 1656 2385 patria
1683 2347 1717 2375 et

258 2389 369 2432 regiis
396 2388 538 2421 sedibus
564 2388 850 2422 Thessalonicam
875 2400 931 2422 me
965 2389 1109 2423 abduxit
1136 2394 1247 2422 matre
1275 2398 1352 2421 mea
1379 2393 1414 2422 et
1440 2399 1551 2422 uxore
1577 2388 1714 2422 relicta.

258 2435 379 2479 ibique
414 2445 469 2467 me
503 2436 630 2480 viginti
658 2445 768 2469 annos
804 2442 922 2470 natum
950 2437 1089 2480 iamque
1115 2436 1267 2479 filiorum
1304 2439 1438 2479 patrem
1465 2441 1628 2480 tanquam
1656 2436 1715 2469 in-

258 2482 387 2515 fantem
424 2483 626 2515 custodibus
647 2483 862 2516 tractandum
891 2484 986 2517 dedit
1022 2485 1059 2517 in
1096 2483 1210 2516 libera
1236 2483 1404 2516 custodia.
1471 2483 1611 2516 interim
1637 2484 1715 2526 ipse

258 2533 456 2572 opportuno
495 2530 677 2563 absentiae
713 2540 813 2563 meae
846 2536 1004 2574 tempore
1041 2531 1171 2574 optime
1208 2540 1292 2564 usus
1327 2534 1361 2562 et
1387 2540 1477 2573 quae
1510 2530 1578 2562 iam
1603 2529 1713 2563 multo

257 2581 337 2608 ante
367 2576 482 2609 animo
521 2587 639 2610 secum
668 2576 893 2610 volutaverat
929 2583 1114 2615 exsecutus
1152 2581 1216 2609 est.
1266 2582 1303 2610 ut
1334 2575 1402 2610 hoc
1429 2581 1587 2621 quartum
1609 2577 1714 2610 test-i-
1772 2576 1776 2579 '

256 2623 409 2655 monium
437 2623 579 2656 consilii
607 2625 682 2657 eius
709 2624 850 2657 afferam
874 2624 965 2668 quod
1003 2624 1228 2657 iurisiurandi
1261 2623 1413 2656 fallaciis
1439 2625 1476 2656 in
1505 2633 1559 2656 me
1592 2623 1713 2656 inten-

258 2670 332 2711 dit,
363 2680 467 2713 quum
502 2671 683 2714 promissis
716 2681 805 2715 quae
834 2672 925 2714 patri
953 2672 1096 2705 dederat
1121 2669 1212 2703 male
1237 2671 1279 2704 ad
1309 2671 1443 2703 irritum
1468 2671 1618 2703 redactis
1643 2675 1712 2703 tam

252 2716 342 2750 diris
377 2715 490 2760 plagis
526 2722 644 2760 septus
681 2728 792 2752 essem
816 2724 877 2760 et*
902 2719 1053 2754 nu’seriis
1089 2728 1178 2762 quae
1220 2718 1342 2751 mortis
1386 2717 1542 2751 confines
1584 2717 1713 2751 viden-
