1826 3120
187 395 192 401 i
240 361 314 401 καί
343 359 478 409 πύλας
507 361 556 402 οι
561 364 669 404 τωσι
691 380 777 412 πως
810 363 1047 416 α’νοίγοντος
1087 365 1326 416 μετανοί.ας

151 437 222 473 8⁸2

70 1170 97 1207 f.
119 1170 185 1207 131
195 1182 227 1207 a.

245 148 341 230 148
651 184 949 233 mcsspnom
999 184 1305 232 eumcum

240 294 358 335 δείαν
387 291 613 349 ἐπάγοντος
649 298 709 347 εἷς
751 295 1010 380 ἐπιστροφὴν
1057 299 1143 339 τῶν
1187 295 1280 339 ἐκεῖ
1308 300 1705 356 ποιρανομηθιξντοον,1
1742 354 1793 362 st

330 427 446 469 Φασι
464 427 544 482 γάρ
564 444 637 470 τον
650 427 960 482 Παλαιολογον
976 428 1033 478 ὦς
1052 427 1351 472 ὖποπτεύσειεν
1367 431 1593 487 ἐπιβουλὴν
1605 434 1704 476 καθ’

239 491 396 537 ἑαυτοῦ
418 495 523 547 πρὸς
549 497 632 536 ταῖν
656 497 1007 550 γυναικᾱδέλφων
1036 498 1109 538 καί
1137 498 1212 538 τοῦ
1231 499 1437 550 πενθεροῦ
1453 497 1527 541 καί
1540 499 1707 557 γνώμης

239 563 405 603 ἐκείνων
416 562 642 602 α’λλοίωσιν
655 563 728 603 καί
739 560 898 616 τροπήν
910 560 1174 616 πολλαχόθεν
1188 561 1462 617 πολύτροπον,
1476 565 1739 620 α’νενεγκεΐνὸ

239 642 282 669 τε
315 628 446 676 ευἪύς
477 625 581 680 πρός
606 627 778 680 ὁμοίους
799 628 961 684 φόβους
986 626 1064 684 τὴν
1081 628 1247 684 μνήμην
1278 629 1433 683 ὁμοίων
1456 632 1705 686 ἐπιβουλῶν,

241 694 291 737 αἲ
310 699 400 742 ταῖς
428 694 583 747 α’ρχαΐς
615 694 860 748 α’προόπτως
890 694 946 744 ὦς
983 694 1036 737 τοὶ
1063 694 1203 738 πολλά
1233 698 1306 739 καί
1331 696 1604 751 πολυτρόπως
1631 699 1704 740 ἐν-

241 761 504 816 σκήπτουσαι
545 762 716 815 κηλῖδας
762 760 836 803 καί
870 764 1000 818 κῆρας
1043 762 1233 815 αἱμάτων
1270 766 1345 805 καί
1383 764 1521 820 φόνων
1547 763 1706 818 μεστάς

240 829 495 883 ἐπιφέρουσι
522 833 608 877 τοῖς
646 828 705 883 μὴ
738 830 849 871 πάνυ
889 832 1115 884 προσέχειν
1153 832 1350 872 ἐθέλουσι
1373 836 1465 881 ταῖς
1493 833 1706 886 πολυτρό-

241 910 334 944 ποις
361 893 511 949 τύχαις
559 896 631 937 καί
657 896 842 950 γνώμαις
873 900 956 939 τῶν
998 895 1249 952 ἀνθρώπων.
1308 894 1409 940 ὅθεν
1437 899 1632 955 διανέστη
1660 914 1703 942 τε
1717 912 1761 947 10

242 965 315 1005 καί
342 960 419 1015 τὴν
446 960 615 1018 γνώμην
643 962 775 1011 εύθύς
805 965 876 1006 ἐπὶ
905 962 1075 1020 ζήτησιν
1110 959 1285 1019 ἦκόνησε
1318 967 1398 1006 τοῦ
1421 964 1704 1020 προσήκοντος

243 1023 409 1071 ἄνωθεν
444 1026 599 1082 κλήρου
640 1030 711 1083 τῆς
745 1033 966 1084 βασιλείας
1011 1031 1084 1072 καί
1109 1032 1183 1072 τοῦ
1212 1046 1259 1085 γε
1295 1034 1419 1085 βιοῦν
1456 1033 1705 1087 ἀδεέστερον

243 1093 456 1137 δύνασθαι
493 1091 520 1148 ἢ
560 1098 657 1137 καθ’
697 1094 746 1146 ἃς
774 1100 1056 1151 μηχανᾶσθαι
1096 1098 1281 1142 δύναιντ’
1312 1092 1365 1142 ἄν
1392 1115 1501 1149 τινες
1528 1101 1705 1153 ἐπιβου-

243 1162 319 1212 λάς
337 1180 347 1190 ·
404 1164 567 1215 βέλτιον
594 1161 674 1217 γάρ
702 1161 857 1219 ἔφησεν
886 1161 993 1207 εἶναι
1032 1164 1250 1220 θαλάσσης
1287 1168 1487 1223 ἐπιούσης
1514 1168 1547 1193 ¹¹
1575 1168 1620 1209 ἐν
1648 1168 1705 1225 τῷ

242 1229 418 1282 παρόντι
452 1227 593 1283 φορὰν
635 1232 819 1272 ἐκκλῖναι
835 1226 887 1293 ι’ἢ
929 1229 1245 1287 ῥαθυμήσαντα
1294 1235 1625 1289 συναπαχθῆναι
1653 1233 1762 1290 τῇι5

241 1299 314 1352 βιᾲ
343 1296 421 1336 τοῦ
451 1293 670 1350 ῥεύματος.
730 1295 882 1350 χρόνον
911 1294 985 1340 οὖν
1012 1296 1103 1340 τινὰ
1131 1300 1187 1356 τῷ
1223 1299 1373 1357 Κράλῃ
1403 1301 1584 1354 Σερβίας
1609 1300 1706 1342 ἐπι-

241 1363 449 1420 τιθεμένῳ
478 1362 552 1402 καί
580 1361 826 1404 ἀπειλοῦντι
855 1364 1081 1419 μεγίστους
1118 1365 1232 1422 αύτῷ
1267 1366 1533 1421 περιστήσειν
1561 1366 1707 1409 κινδύ-

242 1443 355 1480 νους,
387 1429 426 1470 εἰ
456 1428 513 1482 μὴ
561 1426 716 1482 κήδους
745 1430 865 1472 ἕνεκα
896 1430 1000 1488 πρὸς
1045 1434 1222 1487 συγγενῆ
1252 1435 1401 1489 φιλίαν
1430 1432 1547 1491 αύτῷ
1573 1450 1705 1490 ouva-ff

248 1497 378 1551 φθειή
411 1498 618 1553 κρατίστῳ
648 1499 722 1539 καί
755 1496 856 1552 πρὸς
885 1497 960 1548 τὰς
989 1502 1304 1553 περιεστηκνίας
1333 1500 1448 1557 αύτῷ
1474 1500 1704 1556 συμφορὰς

244 1564 428 1620 ἐσομένῳ
475 1560 712 1621 συμμάχῳ,
755 1567 910 1616 πέμπει
955 1563 1091 1616 δεξιὰν
1135 1565 1214 1619 ὀψὲ
1252 1566 1324 1608 καί
1359 1565 1480 1619 μόλις
1521 1562 1601 1622 ἤδη
1627 1566 1762 1627 ‹tuitzo

242 1629 380 1679 ταυτί,
407 1628 478 1669 καί
503 1631 710 1683 κυροῦται
739 1629 843 1683 πρὸς
874 1631 1035 1686 α’μφοΐν
1066 1629 1189 1673 δόντα
1221 1631 1260 1674 οἱ
1287 1631 1361 1675 τὸν
1392 1634 1703 1689 Παλαιολόγον,

242 1695 457 1752 εἰρᾴδιον
486 1694 572 1751 εἴη,
601 1692 742 1752 ὅμηρα
774 1696 850 1752 τὴν
876 1693 1032 1740 ἑαυτοῦ
1059 1704 1235 1753 γυναῖκα
1259 1699 1422 1755 Ἑλένην
1451 1698 1523 1742 διὰ
1555 1699 1629 1750 τοὶς
1660 1702 1706 1743 ἐκ

242 1764 389 1817 γένους
416 1763 570 1819 ταύτης
598 1762 824 1818 ἐπιβουλάς
842 1796 855 1819 ,
895 1767 1131 1821 ἀγαγέσθαι
1161 1767 1235 1822 τῂν
1272 1768 1348 1811 τοῦ
1379 1765 1530 1824 Κρὰλη
1556 1784 1707 1823 γυναι-

247 1950 463 1997 declaravit3
502 1959 538 1990 et
569 1959 687 2000 aptum
713 1956 959 1991 documentum
988 1956 1083 2000 dedit
1117 1967 1185 2002 quo
1212 1956 1319 1992 animi
1343 1962 1639 1994 converterentur
1662 1959 1705 1995 ad

247 2005 386 2039 sanctas
411 2002 512 2048 leges
535 2002 617 2037 illas
642 2003 806 2038 violatas.

379 2066 423 2101 Et
459 2067 511 2101 sic
546 2067 696 2102 fortasse
734 2069 976 2113 poenitentiae
1010 2073 1130 2113 portas
1163 2069 1314 2113 aperuit.
1373 2069 1494 2104 dieunt
1519 2070 1610 2104 enim
1635 2069 1705 2105 Pa-

247 2113 451 2159 laeologum
494 2125 598 2159 quum
633 2116 754 2149 uxoris
791 2116 935 2150 fratrum
970 2121 1004 2150 et
1037 2117 1153 2150 soceri
1178 2117 1323 2151 insidias
1350 2127 1542 2163 eorumque
1567 2118 1706 2152 animo-

248 2172 325 2195 rum
351 2164 659 2197 commutationem
692 2169 908 2208 versutaqne
947 2164 1098 2198 consilia
1131 2165 1328 2208 suspicatus
1354 2169 1467 2206 esset,
1502 2166 1706 2199 memoriam

246 2209 315 2244 sihi
341 2209 508 2243 similium
537 2211 741 2243 insidiarum
769 2211 899 2244 fecisse
933 2221 1022 2255 quae
1049 2212 1187 2255 quidem
1226 2211 1360 2245 unalia
1386 2212 1497 2252 multa
1525 2212 1706 2257 principes

245 2262 395 2299 repente
419 2267 461 2290 ac
484 2259 643 2301 graviter
668 2259 867 2301 opprimant
900 2269 1040 2302 unaque
1066 2258 1156 2291 alios
1181 2258 1311 2292 multos
1336 2259 1396 2303 qui
1421 2260 1463 2293 ad
1488 2269 1605 2292 rerum
1630 2265 1706 2294 sta-

245 2308 317 2337 tum
343 2314 510 2348 novaque
530 2305 681 2338 consilia
705 2315 776 2338 non
797 2307 987 2360 perattenti
1005 2306 1147 2347 fuerint,
1173 2305 1215 2339 ad
1240 2305 1355 2339 labem
1379 2306 1593 2361 multumque
1619 2317 1704 2341 cae..

246 2351 323 2384 dem
351 2352 535 2385 adducant.
600 2354 721 2396 itaque
759 2354 910 2386 animum
945 2352 1010 2386 ille
1045 2353 1159 2386 erexit
1191 2357 1226 2386 et
1251 2353 1293 2386 ad
1326 2354 1428 2398 regni
1454 2358 1588 2397 partem
1615 2364 1706 2399 quae

247 2398 301 2431 sui
329 2399 473 2442 propria
498 2405 594 2433 esset
619 2401 783 2442 advertit,
812 2400 915 2433 etiam
942 2400 1115 2445 quomodo
1142 2401 1248 2434 vitam
1275 2410 1434 2433 securam
1461 2405 1497 2434 et
1519 2399 1564 2434 ab
1589 2401 1707 2435 omni-

246 2444 312 2478 bus
338 2446 477 2479 insidiis
506 2452 615 2480 tutam
640 2447 773 2492 degere
799 2451 922 2490 posset
946 2447 1061 2481 animo
1087 2458 1207 2480 secum
1232 2448 1438 2502 reputavmit.
1473 2457 1553 2480 nam
1578 2447 1706 2482 melius

249 2502 328 2525 esse
353 2493 441 2526 dixit
475 2494 512 2526 in
543 2499 704 2538 tempore
738 2495 843 2527 maris
872 2500 990 2528 aestus
1030 2493 1188 2538 effugere
1221 2504 1322 2539 quam
1354 2494 1462 2528 nimia
1496 2505 1574 2528 cum
1600 2495 1707 2528 animi

245 2539 375 2572 fiducia
400 2540 567 2574 fluctuum
606 2543 738 2586 impetu
774 2540 911 2584 abripi.
958 2541 1060 2575 brevi
1087 2546 1245 2585 tempore
1270 2542 1460 2574 interiecto
1489 2551 1593 2586 quum
1620 2541 1706 2576 Ser-

247 2587 331 2620 viae
357 2587 479 2621 Craies
509 2589 541 2621 ei
566 2599 697 2623 summa
723 2588 885 2632 pericula
909 2589 1130 2622 minitaretur
1161 2588 1230 2622 nisi
1258 2588 1350 2621 facta
1383 2588 1555 2622 affinitate
1580 2589 1707 2622 amici-

247 2634 330 2666 tiam
358 2644 454 2667 suam
482 2636 590 2669 iniret
614 2647 683 2681 qua
708 2636 858 2669 insidiae
884 2642 1017 2669 omnes
1032 2634 1138 2668 facile
1162 2635 1306 2678 reprimi
1332 2640 1488 2679 possent,
1515 2634 1707 2669 Palaeolo-

247 2690 313 2724 gns
341 2680 422 2714 huic
452 2682 554 2715 fidem
581 2684 696 2725 dedit,
730 2693 811 2717 sero
845 2687 961 2716 tamen
993 2682 1040 2716 ita
1072 2687 1110 2716 ut
1142 2681 1233 2716 haud
1268 2683 1413 2716 multum
1446 2682 1588 2716 abesset
1622 2683 1707 2727 quin

245 2729 364 2771 pactio
392 2730 642 2764 conficeretur.
694 2741 739 2764 ex
764 2740 832 2774 qua
854 2731 1080 2763 constitutum
1108 2735 1193 2771 erat,
1220 2734 1258 2763 ut
1282 2729 1519 2772 palaeologus
1543 2730 1574 2764 si
1599 2729 1706 2763 facile

245 2775 324 2813 fieri
357 2782 479 2823 posset
502 2777 641 2814 Helena
675 2788 740 2814 sua
775 2787 887 2813 uxore
923 2787 1014 2826 quae
1050 2787 1095 2814 ex
1129 2777 1352 2816 inimicorum
1386 2786 1521 2824 genero
1559 2776 1706 2815 oriunda
