<?xml version="1.0" encoding="UTF-8"?>
<!DOCTYPE html PUBLIC "-//W3C//DTD XHTML 1.0 Transitional//EN"
    "http://www.w3.org/TR/xhtml1/DTD/xhtml1-transitional.dtd">
<html xmlns="http://www.w3.org/1999/xhtml" xml:lang="en" lang="en">
 <head>
  <title>
</title>
<meta http-equiv="Content-Type" content="text/html;charset=utf-8" />
  <meta name='ocr-system' content='tesseract 3.04.00' />
  <meta name='ocr-capabilities' content='ocr_page ocr_carea ocr_par ocr_line ocrx_word'/>
</head>
<body>
  <div class='ocr_page' id='page_1' title='image "./corpusscriptorum40niebuoft_0476.png"; bbox 0 0 1786 3138; ppageno 0'>
   <div class='ocr_carea' id='block_1_1' title="bbox 258 103 1578 183">
    <p class='ocr_par' dir='ltr' id='par_1_1' title="bbox 258 103 1578 183">
     <span class='ocr_line' id='line_1_1' title="bbox 258 103 1578 183; baseline 0.003 -4"><span class='ocrx_word' id='word_1_1' title='bbox 258 103 358 182; x_wconf 70' lang='grc'><strong>464</strong></span> <span class='ocrx_word' id='word_1_2' title='bbox 621 131 626 135; x_wconf 82' lang='lat'><em>·</em></span> <span class='ocrx_word' id='word_1_3' title='bbox 668 135 963 180; x_wconf 77' lang='lat' dir='ltr'>NICEPHORI</span> <span class='ocrx_word' id='word_1_4' title='bbox 1006 133 1310 179; x_wconf 70' lang='lat' dir='ltr'>GREGORAE</span> <span class='ocrx_word' id='word_1_5' title='bbox 1474 169 1478 178; x_wconf 91' lang='lat'>.</span> <span class='ocrx_word' id='word_1_6' title='bbox 1529 129 1578 183; x_wconf 53' lang='lat' dir='ltr'><strong>{a</strong></span> 
     </span>
    </p>
   </div>
   <div class='ocr_carea' id='block_1_2' title="bbox 97 237 1786 1694">
    <p class='ocr_par' dir='ltr' id='par_1_2' title="bbox 97 237 1760 1162">
     <span class='ocr_line' id='line_1_2' title="bbox 214 237 1714 299; baseline -0.002 -13"><span class='ocrx_word' id='word_1_7' title='bbox 214 250 217 255; x_wconf 82' lang='lat'><em>&#39;</em></span> <span class='ocrx_word' id='word_1_8' title='bbox 258 242 304 286; x_wconf 90' lang='grc' dir='ltr'><strong><em>τὸ</em></strong></span> <span class='ocrx_word' id='word_1_9' title='bbox 334 243 443 285; x_wconf 88' lang='grc' dir='ltr'><em>πάνυ</em></span> <span class='ocrx_word' id='word_1_10' title='bbox 474 259 514 284; x_wconf 89' lang='grc' dir='ltr'><em>τι</em></span> <span class='ocrx_word' id='word_1_11' title='bbox 541 242 773 299; x_wconf 87' lang='grc' dir='ltr'><em>κράτιστον,</em></span> <span class='ocrx_word' id='word_1_12' title='bbox 802 239 859 291; x_wconf 74' lang='grc' dir='ltr'><em>ὦς</em></span> <span class='ocrx_word' id='word_1_13' title='bbox 887 242 930 283; x_wconf 81' lang='grc' dir='ltr'><em>ἐν</em></span> <span class='ocrx_word' id='word_1_14' title='bbox 958 244 1048 290; x_wconf 78' lang='grc' dir='ltr'><em>ταῖς</em></span> <span class='ocrx_word' id='word_1_15' title='bbox 1080 240 1234 296; x_wconf 75' lang='grc' dir='ltr'><em>ἀρχαῖς</em></span> <span class='ocrx_word' id='word_1_16' title='bbox 1260 241 1343 282; x_wconf 79' lang='grc' dir='ltr'><strong>τῶν</strong></span> <span class='ocrx_word' id='word_1_17' title='bbox 1369 237 1584 297; x_wconf 76' lang='grc' dir='ltr'><strong>ἡμετέρων</strong></span> <span class='ocrx_word' id='word_1_18' title='bbox 1609 241 1714 283; x_wconf 80' lang='grc' dir='ltr'><em>τῶν-</em></span> 
     </span>
     <span class='ocr_line' id='line_1_3' title="bbox 262 305 1716 365; baseline -0.002 -13"><span class='ocrx_word' id='word_1_19' title='bbox 262 312 308 352; x_wconf 83' lang='grc' dir='ltr'><strong>δε</strong></span> <span class='ocrx_word' id='word_1_20' title='bbox 336 310 468 365; x_wconf 91' lang='grc' dir='ltr'><em>λόγων</em></span> <span class='ocrx_word' id='word_1_21' title='bbox 497 308 599 364; x_wconf 79' lang='grc' dir='ltr'><em>ἡμῖν</em></span> <span class='ocrx_word' id='word_1_22' title='bbox 635 307 689 350; x_wconf 83' lang='grc' dir='ltr'><em>τὰ</em></span> <span class='ocrx_word' id='word_1_23' title='bbox 728 307 827 364; x_wconf 78' lang='grc' dir='ltr'><em>περὶ</em></span> <span class='ocrx_word' id='word_1_24' title='bbox 864 306 992 349; x_wconf 75' lang='grc' dir='ltr'><em>αὐτοῦ</em></span> <span class='ocrx_word' id='word_1_25' title='bbox 1028 306 1284 364; x_wconf 81' lang='grc' dir='ltr'><em>πλατύτερον</em></span> <span class='ocrx_word' id='word_1_26' title='bbox 1320 305 1508 364; x_wconf 84' lang='grc' dir='ltr'><em>εἴρηται,</em></span> <span class='ocrx_word' id='word_1_27' title='bbox 1550 306 1716 356; x_wconf 73' lang='grc' dir='ltr'><em>πάντων</em></span> 
     </span>
     <span class='ocr_line' id='line_1_4' title="bbox 259 368 1716 431; baseline -0.001 -13"><span class='ocrx_word' id='word_1_28' title='bbox 259 377 445 431; x_wconf 88' lang='grc' dir='ltr'><em>μάλιστα</em></span> <span class='ocrx_word' id='word_1_29' title='bbox 489 379 681 418; x_wconf 86' lang='grc' dir='ltr'><em>πλεῖστον</em></span> <span class='ocrx_word' id='word_1_30' title='bbox 726 371 1041 430; x_wconf 78' lang='grc' dir='ltr'><em>ἀντεισενεγκιὸν</em></span> <span class='ocrx_word' id='word_1_31' title='bbox 1082 371 1188 431; x_wconf 71' lang='grc' dir='ltr'><em>ὑπὲρ</em></span> <span class='ocrx_word' id='word_1_32' title='bbox 1217 373 1447 430; x_wconf 57' lang='grc' dir='ltr'><em>ςεῦσεβείας</em></span> <span class='ocrx_word' id='word_1_33' title='bbox 1472 368 1552 417; x_wconf 67' lang='grc' dir='ltr'><strong>ιτὸν</strong></span> <span class='ocrx_word' id='word_1_34' title='bbox 1579 375 1716 429; x_wconf 83' lang='grc' dir='ltr'><em>ζῆλον,</em></span> 
     </span>
     <span class='ocr_line' id='line_1_5' title="bbox 258 440 1716 497; baseline -0.001 -13"><span class='ocrx_word' id='word_1_35' title='bbox 258 442 330 485; x_wconf 86' lang='grc' dir='ltr'>καί</span> <span class='ocrx_word' id='word_1_36' title='bbox 374 442 621 497; x_wconf 71' lang='grc' dir='ltr'><em>ἀπιστήσας</em></span> <span class='ocrx_word' id='word_1_37' title='bbox 665 447 752 492; x_wconf 87' lang='grc' dir='ltr'><em>τοῖς</em></span> <span class='ocrx_word' id='word_1_38' title='bbox 781 441 873 484; x_wconf 91' lang='grc' dir='ltr'><em>τότε</em></span> <span class='ocrx_word' id='word_1_39' title='bbox 917 440 1025 483; x_wconf 88' lang='grc' dir='ltr'><em>κατὰ</em></span> <span class='ocrx_word' id='word_1_40' title='bbox 1059 442 1143 483; x_wconf 76' lang='grc' dir='ltr'><strong>τῶν</strong></span> <span class='ocrx_word' id='word_1_41' title='bbox 1171 442 1301 484; x_wconf 93' lang='grc' dir='ltr'><em>θείων</em></span> <span class='ocrx_word' id='word_1_42' title='bbox 1345 440 1516 484; x_wconf 85' lang='grc' dir='ltr'><em>εἰκόνων</em></span> <span class='ocrx_word' id='word_1_43' title='bbox 1543 445 1716 496; x_wconf 86' lang='grc' dir='ltr'><em>μανεῖσι</em></span> 
     </span>
     <span class='ocr_line' id='line_1_6' title="bbox 196 503 1749 565; baseline 0.001 -13"><span class='ocrx_word' id='word_1_44' title='bbox 196 512 220 533; x_wconf 75' lang='grc'><strong>’·</strong></span> <span class='ocrx_word' id='word_1_45' title='bbox 259 508 493 565; x_wconf 79' lang='grc' dir='ltr'><em>τυράννοις,</em></span> <span class='ocrx_word' id='word_1_46' title='bbox 526 507 600 564; x_wconf 71' lang='grc' dir='ltr'><strong>ὕφ’</strong></span> <span class='ocrx_word' id='word_1_47' title='bbox 633 503 690 550; x_wconf 75' lang='grc' dir='ltr'><em>ὧν</em></span> <span class='ocrx_word' id='word_1_48' title='bbox 719 508 791 550; x_wconf 84' lang='grc' dir='ltr'>καί</span> <span class='ocrx_word' id='word_1_49' title='bbox 817 506 864 551; x_wconf 84' lang='grc' dir='ltr'><em>τὸ</em></span> <span class='ocrx_word' id='word_1_50' title='bbox 896 508 1124 564; x_wconf 89' lang='grc' dir='ltr'><em>πρόσωπον</em></span> <span class='ocrx_word' id='word_1_51' title='bbox 1151 508 1447 564; x_wconf 80' lang='grc' dir='ltr'><em>γέγραπταίτε</em></span> <span class='ocrx_word' id='word_1_52' title='bbox 1475 507 1549 551; x_wconf 75' lang='grc' dir='ltr'><strong>καὶ</strong></span> <span class='ocrx_word' id='word_1_53' title='bbox 1576 507 1749 557; x_wconf 55' lang='grc' dir='ltr'><em>ἐστικ-,ὂ</em></span> 
     </span>
     <span class='ocr_line' id='line_1_7' title="bbox 258 573 1713 630; baseline 0 -14"><span class='ocrx_word' id='word_1_54' title='bbox 258 592 329 617; x_wconf 86' lang='grc' dir='ltr'><strong>ται</strong></span> <span class='ocrx_word' id='word_1_55' title='bbox 369 591 441 616; x_wconf 91' lang='grc' dir='ltr'><strong>και</strong></span> <span class='ocrx_word' id='word_1_56' title='bbox 469 590 542 629; x_wconf 88' lang='grc' dir='ltr'><strong>την</strong></span> <span class='ocrx_word' id='word_1_57' title='bbox 571 576 815 629; x_wconf 72' lang='grc' dir='ltr'><em>ἐπωνυμίαν</em></span> <span class='ocrx_word' id='word_1_58' title='bbox 834 576 873 616; x_wconf 91' lang='grc' dir='ltr'><strong>Γ</strong></span> <span class='ocrx_word' id='word_1_59' title='bbox 876 591 1032 630; x_wconf 88' lang='grc' dir='ltr'><em>ραπτος</em></span> <span class='ocrx_word' id='word_1_60' title='bbox 1064 575 1225 616; x_wconf 80' lang='grc' dir='ltr'><em>ἐκεῖθεν</em></span> <span class='ocrx_word' id='word_1_61' title='bbox 1245 573 1416 630; x_wconf 73' lang='grc' dir='ltr'><em>κληθεὶς</em></span> <span class='ocrx_word' id='word_1_62' title='bbox 1443 573 1713 630; x_wconf 76' lang='grc' dir='ltr'><em>ἀπηνέγκατο,</em></span> 
     </span>
     <span class='ocr_line' id='line_1_8' title="bbox 259 639 1752 720; baseline -0.001 -38"><span class='ocrx_word' id='word_1_63' title='bbox 259 641 476 690; x_wconf 74' lang='grc' dir='ltr'><em>πλείσταις</em></span> <span class='ocrx_word' id='word_1_64' title='bbox 505 642 582 694; x_wconf 78' lang='grc' dir='ltr'><strong>μὲν</strong></span> <span class='ocrx_word' id='word_1_65' title='bbox 609 658 679 683; x_wconf 87' lang='grc' dir='ltr'><strong>και</strong></span> <span class='ocrx_word' id='word_1_66' title='bbox 712 639 859 691; x_wconf 75' lang='grc' dir='ltr'><em>ἄλλαις</em></span> <span class='ocrx_word' id='word_1_67' title='bbox 888 640 1023 697; x_wconf 80' lang='grc' dir='ltr'><em>ἱεραῖς</em></span> <span class='ocrx_word' id='word_1_68' title='bbox 1061 640 1190 720; x_wconf 58' lang='grc' dir='ltr'><strong>αῇξοῦ</strong></span> <span class='ocrx_word' id='word_1_69' title='bbox 1217 641 1396 720; x_wconf 81' lang='grc' dir='ltr'><em>βίβλοις</em></span> <span class='ocrx_word' id='word_1_70' title='bbox 1408 639 1482 696; x_wconf 79' lang='grc' dir='ltr'><strong>τὴν</strong></span> <span class='ocrx_word' id='word_1_71' title='bbox 1508 641 1582 682; x_wconf 79' lang='grc' dir='ltr'><em>τοῦ</em></span> <span class='ocrx_word' id='word_1_72' title='bbox 1612 641 1716 682; x_wconf 80' lang='grc' dir='ltr'><em>θεοῦ</em></span> <span class='ocrx_word' id='word_1_73' title='bbox 1750 668 1752 671; x_wconf 36' lang='lat' dir='ltr'>s</span> 
     </span>
     <span class='ocr_line' id='line_1_9' title="bbox 259 705 1713 764; baseline -0.001 -16"><span class='ocrx_word' id='word_1_74' title='bbox 259 706 479 761; x_wconf 80' lang='grc' dir='ltr'><em>ἐκκλησίαν</em></span> <span class='ocrx_word' id='word_1_75' title='bbox 506 707 761 762; x_wconf 87' lang='grc' dir='ltr'><em>κεκόσμηκε,</em></span> <span class='ocrx_word' id='word_1_76' title='bbox 803 707 988 761; x_wconf 86' lang='grc' dir='ltr'><em>μάλιστα</em></span> <span class='ocrx_word' id='word_1_77' title='bbox 1019 708 1055 748; x_wconf 78' lang='grc' dir='ltr'><strong>δ’</strong></span> <span class='ocrx_word' id='word_1_78' title='bbox 1088 708 1154 754; x_wconf 88' lang='grc' dir='ltr'><strong>αἱς</strong></span> <span class='ocrx_word' id='word_1_79' title='bbox 1180 705 1287 764; x_wconf 81' lang='grc' dir='ltr'><em>κατὰ</em></span> <span class='ocrx_word' id='word_1_80' title='bbox 1305 707 1397 749; x_wconf 77' lang='grc' dir='ltr'><strong>τῶν</strong></span> <span class='ocrx_word' id='word_1_81' title='bbox 1427 706 1713 760; x_wconf 83' lang='grc' dir='ltr'><em>εἰκονομάχων</em></span> 
     </span>
     <span class='ocr_line' id='line_1_10' title="bbox 258 771 1713 830; baseline -0.001 -15"><span class='ocrx_word' id='word_1_82' title='bbox 258 772 444 824; x_wconf 79' lang='grc' dir='ltr'><em>ἐξέθετο,</em></span> <span class='ocrx_word' id='word_1_83' title='bbox 479 776 568 822; x_wconf 59' lang='grc' dir='ltr'><em>τοῖς</em></span> <span class='ocrx_word' id='word_1_84' title='bbox 598 773 924 830; x_wconf 76' lang='grc' dir='ltr'><em>συγγράμμασιν</em></span> <span class='ocrx_word' id='word_1_85' title='bbox 961 771 1222 828; x_wconf 79' lang='grc' dir='ltr'><em>ἐντυγχάνων</em></span> <span class='ocrx_word' id='word_1_86' title='bbox 1253 773 1327 814; x_wconf 76' lang='grc' dir='ltr'><em>τοῦ</em></span> <span class='ocrx_word' id='word_1_87' title='bbox 1363 772 1452 816; x_wconf 87' lang='grc' dir='ltr'><em>τότε</em></span> <span class='ocrx_word' id='word_1_88' title='bbox 1487 771 1540 816; x_wconf 78' lang='grc' dir='ltr'><em>τὰ</em></span> <span class='ocrx_word' id='word_1_89' title='bbox 1566 774 1713 829; x_wconf 75' lang='grc' dir='ltr'><em>πρῶτα</em></span> 
     </span>
     <span class='ocr_line' id='line_1_11' title="bbox 260 834 1760 898; baseline 0 -16"><span class='ocrx_word' id='word_1_90' title='bbox 260 841 459 898; x_wconf 85' lang='grc' dir='ltr'><em>φέροντος</em></span> <span class='ocrx_word' id='word_1_91' title='bbox 499 840 542 882; x_wconf 78' lang='grc' dir='ltr'><em>ἐν</em></span> <span class='ocrx_word' id='word_1_92' title='bbox 581 841 719 895; x_wconf 78' lang='grc' dir='ltr'><em>λόγοις</em></span> <span class='ocrx_word' id='word_1_93' title='bbox 761 840 939 893; x_wconf 78' lang='grc' dir='ltr'><em>ἀσεβοῦς</em></span> <span class='ocrx_word' id='word_1_94' title='bbox 974 838 1202 893; x_wconf 81' lang='grc' dir='ltr'><em>Εὗσεβίου·</em></span> <span class='ocrx_word' id='word_1_95' title='bbox 1278 840 1322 881; x_wconf 78' lang='grc' dir='ltr'><em>ἐν</em></span> <span class='ocrx_word' id='word_1_96' title='bbox 1359 834 1426 889; x_wconf 80' lang='grc' dir='ltr'><strong>αἶς</strong></span> <span class='ocrx_word' id='word_1_97' title='bbox 1455 839 1509 882; x_wconf 87' lang='grc' dir='ltr'><em>τά</em></span> <span class='ocrx_word' id='word_1_98' title='bbox 1531 855 1574 882; x_wconf 91' lang='grc' dir='ltr'><strong>τε</strong></span> <span class='ocrx_word' id='word_1_99' title='bbox 1605 836 1760 894; x_wconf 43' lang='grc' dir='ltr'><em>ἄλλαι</em></span> 
     </span>
     <span class='ocr_line' id='line_1_12' title="bbox 171 905 1714 963; baseline 0 -15"><span class='ocrx_word' id='word_1_100' title='bbox 171 920 242 954; x_wconf 69' lang='grc'><strong>48</strong></span> <span class='ocrx_word' id='word_1_101' title='bbox 257 907 330 949; x_wconf 84' lang='grc' dir='ltr'><em>καί</em></span> <span class='ocrx_word' id='word_1_102' title='bbox 348 907 450 949; x_wconf 87' lang='grc' dir='ltr'><em>τάδε</em></span> <span class='ocrx_word' id='word_1_103' title='bbox 473 908 656 958; x_wconf 83' lang='grc' dir='ltr'><em>διέξεισι.</em></span> <span class='ocrx_word' id='word_1_104' title='bbox 686 944 692 945; x_wconf 21' lang='grc' dir='ltr'><em>ι</em></span> <span class='ocrx_word' id='word_1_105' title='bbox 713 906 1092 960; x_wconf 79' lang='grc' dir='ltr'><em>κατακομψεύεται,</em></span> <span class='ocrx_word' id='word_1_106' title='bbox 1125 906 1269 962; x_wconf 82' lang='grc' dir='ltr'><em>φησίν,</em></span> <span class='ocrx_word' id='word_1_107' title='bbox 1299 905 1502 961; x_wconf 78' lang='grc' dir='ltr'><em>Εὐσέβιος</em></span> <span class='ocrx_word' id='word_1_108' title='bbox 1528 906 1599 948; x_wconf 79' lang='grc' dir='ltr'><em>ἐπὶ</em></span> <span class='ocrx_word' id='word_1_109' title='bbox 1622 906 1714 963; x_wconf 76' lang='grc' dir='ltr'><em>φῶς</em></span> 
     </span>
     <span class='ocr_line' id='line_1_13' title="bbox 97 970 1716 1030; baseline -0.002 -13"><span class='ocrx_word' id='word_1_110' title='bbox 97 980 199 1018; x_wconf 59' lang='grc'><strong>12242</strong></span> <span class='ocrx_word' id='word_1_111' title='bbox 211 992 245 1016; x_wconf 88' lang='lat' dir='ltr'><strong>a.</strong></span> <span class='ocrx_word' id='word_1_112' title='bbox 260 970 441 1029; x_wconf 74' lang='grc' dir='ltr'><em>ἄρρητον</em></span> <span class='ocrx_word' id='word_1_113' title='bbox 470 972 543 1015; x_wconf 86' lang='grc' dir='ltr'><em>καί</em></span> <span class='ocrx_word' id='word_1_114' title='bbox 575 972 867 1027; x_wconf 82' lang='grc' dir='ltr'><em>ἀνεκδιήγητον</em></span> <span class='ocrx_word' id='word_1_115' title='bbox 895 971 968 1013; x_wconf 87' lang='grc' dir='ltr'>καί</span> <span class='ocrx_word' id='word_1_116' title='bbox 995 974 1055 1028; x_wconf 71' lang='grc' dir='ltr'><em>τῷ</em></span> <span class='ocrx_word' id='word_1_117' title='bbox 1081 973 1172 1027; x_wconf 73' lang='grc' dir='ltr'><strong>θεῷ</strong></span> <span class='ocrx_word' id='word_1_118' title='bbox 1215 971 1320 1029; x_wconf 78' lang='grc' dir='ltr'><em>λόγῳ</em></span> <span class='ocrx_word' id='word_1_119' title='bbox 1353 971 1513 1029; x_wconf 82' lang='grc' dir='ltr'><em>πρέπον</em></span> <span class='ocrx_word' id='word_1_120' title='bbox 1539 971 1612 1028; x_wconf 75' lang='grc' dir='ltr'><strong>τὴν</strong></span> <span class='ocrx_word' id='word_1_121' title='bbox 1632 974 1716 1030; x_wconf 13' lang='grc' dir='ltr'><em>’τοῦ</em></span> 
     </span>
     <span class='ocr_line' id='line_1_14' title="bbox 258 1035 1712 1096; baseline -0.002 -13"><span class='ocrx_word' id='word_1_122' title='bbox 258 1040 408 1083; x_wconf 80' lang='grc' dir='ltr'><em>δούλου</em></span> <span class='ocrx_word' id='word_1_123' title='bbox 439 1040 786 1095; x_wconf 78' lang='grc' dir='ltr'><em>μεταβεβλῆσθαι</em></span> <span class='ocrx_word' id='word_1_124' title='bbox 809 1037 980 1094; x_wconf 79' lang='grc' dir='ltr'><em>μορφὴν</em></span> <span class='ocrx_word' id='word_1_125' title='bbox 1007 1039 1050 1080; x_wconf 81' lang='grc' dir='ltr'><em>ἐν</em></span> <span class='ocrx_word' id='word_1_126' title='bbox 1068 1035 1128 1095; x_wconf 72' lang='grc' dir='ltr'><em>τῷ</em></span> <span class='ocrx_word' id='word_1_127' title='bbox 1157 1036 1263 1094; x_wconf 75' lang='grc' dir='ltr'><em>ὄρει,</em></span> <span class='ocrx_word' id='word_1_128' title='bbox 1294 1039 1385 1096; x_wconf 77' lang='grc' dir='ltr'><em>φῶς</em></span> <span class='ocrx_word' id='word_1_129' title='bbox 1411 1036 1515 1095; x_wconf 75' lang='grc' dir='ltr'><em>ὅπερ</em></span> <span class='ocrx_word' id='word_1_130' title='bbox 1542 1037 1712 1096; x_wconf 76' lang='grc' dir='ltr'><em>ὀφθαλ-</em></span> 
     </span>
     <span class='ocr_line' id='line_1_15' title="bbox 256 1101 1711 1162; baseline -0.001 -13"><span class='ocrx_word' id='word_1_131' title='bbox 256 1106 336 1161; x_wconf 79' lang='grc' dir='ltr'><strong>μὸς</strong></span> <span class='ocrx_word' id='word_1_132' title='bbox 368 1106 440 1149; x_wconf 75' lang='grc' dir='ltr'><strong>οὐκ</strong></span> <span class='ocrx_word' id='word_1_133' title='bbox 473 1102 557 1147; x_wconf 77' lang='grc' dir='ltr'><em>εἶδε</em></span> <span class='ocrx_word' id='word_1_134' title='bbox 586 1104 658 1147; x_wconf 80' lang='grc' dir='ltr'><strong>καὶ</strong></span> <span class='ocrx_word' id='word_1_135' title='bbox 684 1101 756 1154; x_wconf 77' lang='grc' dir='ltr'><em>οὖς</em></span> <span class='ocrx_word' id='word_1_136' title='bbox 786 1104 858 1146; x_wconf 76' lang='grc' dir='ltr'><strong>οὐκ</strong></span> <span class='ocrx_word' id='word_1_137' title='bbox 887 1102 1042 1159; x_wconf 73' lang='grc' dir='ltr'><em>ἤκουσε</em></span> <span class='ocrx_word' id='word_1_138' title='bbox 1071 1104 1144 1146; x_wconf 81' lang='grc' dir='ltr'><em>καί</em></span> <span class='ocrx_word' id='word_1_139' title='bbox 1174 1105 1245 1147; x_wconf 71' lang='grc' dir='ltr'><em>ἐπὶ</em></span> <span class='ocrx_word' id='word_1_140' title='bbox 1270 1106 1452 1162; x_wconf 75' lang='grc' dir='ltr'><em>καρδίαν</em></span> <span class='ocrx_word' id='word_1_141' title='bbox 1481 1105 1711 1162; x_wconf 77' lang='grc' dir='ltr'><em>ἀνθρώπου</em></span> 
     </span>
    </p>

    <p class='ocr_par' dir='ltr' id='par_1_3' title="bbox 258 1170 1771 1228">
     <span class='ocr_line' id='line_1_16' title="bbox 258 1170 1771 1228; baseline 0 -13"><span class='ocrx_word' id='word_1_142' title='bbox 258 1174 330 1215; x_wconf 78' lang='grc' dir='ltr'><strong>οὐκ</strong></span> <span class='ocrx_word' id='word_1_143' title='bbox 362 1173 502 1228; x_wconf 84' lang='grc' dir='ltr'><em>ἀνέβη.</em></span> <span class='ocrx_word' id='word_1_144' title='bbox 574 1172 647 1214; x_wconf 83' lang='grc' dir='ltr'><em>καί</em></span> <span class='ocrx_word' id='word_1_145' title='bbox 687 1170 710 1213; x_wconf 80' lang='grc' dir='ltr'><em>ό</em></span> <span class='ocrx_word' id='word_1_146' title='bbox 740 1173 818 1225; x_wconf 80' lang='grc' dir='ltr'><strong>μὲν</strong></span> <span class='ocrx_word' id='word_1_147' title='bbox 859 1171 1067 1225; x_wconf 77' lang='grc' dir='ltr'><em>Εὖσεβίου</em></span> <span class='ocrx_word' id='word_1_148' title='bbox 1108 1171 1227 1227; x_wconf 84' lang='grc' dir='ltr'><em>λόγος</em></span> <span class='ocrx_word' id='word_1_149' title='bbox 1271 1173 1455 1223; x_wconf 75' lang='grc' dir='ltr'><em>τοιοῦτος</em></span> <span class='ocrx_word' id='word_1_150' title='bbox 1483 1171 1556 1214; x_wconf 81' lang='grc' dir='ltr'><strong><em>καί</em></strong></span> <span class='ocrx_word' id='word_1_151' title='bbox 1583 1170 1713 1222; x_wconf 74' lang='grc' dir='ltr'><em>οὕτως</em></span> <span class='ocrx_word' id='word_1_152' title='bbox 1727 1182 1771 1217; x_wconf 83' lang='grc'><strong>15</strong></span> 
     </span>
    </p>

    <p class='ocr_par' dir='ltr' id='par_1_4' title="bbox 211 1237 1786 1694">
     <span class='ocr_line' id='line_1_17' title="bbox 211 1237 1710 1294; baseline -0.003 -12"><span class='ocrx_word' id='word_1_153' title='bbox 211 1272 222 1291; x_wconf 66' lang='lat' dir='ltr'><strong><em>s</em></strong></span> <span class='ocrx_word' id='word_1_154' title='bbox 256 1239 392 1293; x_wconf 80' lang='grc' dir='ltr'><em>ἔχων,</em></span> <span class='ocrx_word' id='word_1_155' title='bbox 438 1239 512 1281; x_wconf 83' lang='grc' dir='ltr'><em>καί</em></span> <span class='ocrx_word' id='word_1_156' title='bbox 555 1237 600 1280; x_wconf 78' lang='grc' dir='ltr'><em>τὸ</em></span> <span class='ocrx_word' id='word_1_157' title='bbox 650 1241 734 1280; x_wconf 83' lang='grc' dir='ltr'><strong>πᾶν</strong></span> <span class='ocrx_word' id='word_1_158' title='bbox 764 1238 879 1294; x_wconf 71' lang='grc' dir='ltr'><em>αὐτῷ</em></span> <span class='ocrx_word' id='word_1_159' title='bbox 910 1239 1094 1279; x_wconf 78' lang='grc' dir='ltr'><em>ἐνταῦθα</em></span> <span class='ocrx_word' id='word_1_160' title='bbox 1143 1239 1216 1293; x_wconf 81' lang='grc' dir='ltr'><strong>τῆς</strong></span> <span class='ocrx_word' id='word_1_161' title='bbox 1245 1237 1443 1293; x_wconf 78' lang='grc' dir='ltr'><em>ἀσεβείας</em></span> <span class='ocrx_word' id='word_1_162' title='bbox 1471 1238 1710 1294; x_wconf 63' lang='grc' dir='ltr'><em>ἐξήρτηται·</em></span> 
     </span>
     <span class='ocr_line' id='line_1_18' title="bbox 257 1303 1713 1360; baseline -0.001 -13"><span class='ocrx_word' id='word_1_163' title='bbox 257 1305 355 1348; x_wconf 74' lang='grc' dir='ltr'><em>ὅποι</em></span> <span class='ocrx_word' id='word_1_164' title='bbox 382 1307 419 1347; x_wconf 86' lang='grc' dir='ltr'><strong>δ’</strong></span> <span class='ocrx_word' id='word_1_165' title='bbox 450 1304 564 1360; x_wconf 72' lang='grc' dir='ltr'><em>αὐτῷ</em></span> <span class='ocrx_word' id='word_1_166' title='bbox 612 1304 734 1360; x_wconf 85' lang='grc' dir='ltr'><em>φέρει</em></span> <span class='ocrx_word' id='word_1_167' title='bbox 778 1303 829 1345; x_wconf 85' lang='grc' dir='ltr'><em>τὰ</em></span> <span class='ocrx_word' id='word_1_168' title='bbox 859 1306 932 1358; x_wconf 83' lang='grc' dir='ltr'><strong>τῆς</strong></span> <span class='ocrx_word' id='word_1_169' title='bbox 969 1305 1115 1359; x_wconf 83' lang='grc' dir='ltr'><em>καινῆς</em></span> <span class='ocrx_word' id='word_1_170' title='bbox 1153 1305 1304 1359; x_wconf 80' lang='grc' dir='ltr'><em>ταύτης</em></span> <span class='ocrx_word' id='word_1_171' title='bbox 1335 1306 1613 1354; x_wconf 78' lang='grc' dir='ltr'><em>διδασκαλίας</em></span> <span class='ocrx_word' id='word_1_172' title='bbox 1640 1303 1713 1346; x_wconf 79' lang='grc' dir='ltr'><strong>καὶ</strong></span> 
     </span>
     <span class='ocr_line' id='line_1_19' title="bbox 254 1368 1712 1427; baseline -0.001 -14"><span class='ocrx_word' id='word_1_173' title='bbox 254 1373 327 1414; x_wconf 75' lang='grc' dir='ltr'><em>τοῦ</em></span> <span class='ocrx_word' id='word_1_174' title='bbox 349 1372 568 1427; x_wconf 86' lang='grc' dir='ltr'><em>δόγματος,</em></span> <span class='ocrx_word' id='word_1_175' title='bbox 593 1368 649 1419; x_wconf 74' lang='grc' dir='ltr'><em>ὥς</em></span> <span class='ocrx_word' id='word_1_176' title='bbox 675 1370 737 1413; x_wconf 81' lang='grc' dir='ltr'><em>ἔνι</em></span> <span class='ocrx_word' id='word_1_177' title='bbox 761 1370 962 1424; x_wconf 87' lang='grc' dir='ltr'><em>μάλιστα,</em></span> <span class='ocrx_word' id='word_1_178' title='bbox 993 1370 1307 1426; x_wconf 78' lang='grc' dir='ltr'><em>συντομώτερον</em></span> <span class='ocrx_word' id='word_1_179' title='bbox 1333 1369 1608 1425; x_wconf 70' lang='grc' dir='ltr'><em>σκεψώμεθα,</em></span> <span class='ocrx_word' id='word_1_180' title='bbox 1638 1371 1712 1413; x_wconf 81' lang='grc' dir='ltr'><strong><em>καί</em></strong></span> 
     </span>
     <span class='ocr_line' id='line_1_20' title="bbox 257 1436 1786 1517; baseline -0.001 -38"><span class='ocrx_word' id='word_1_181' title='bbox 257 1437 401 1488; x_wconf 82' lang='grc' dir='ltr'><em>ὁποῖος</em></span> <span class='ocrx_word' id='word_1_182' title='bbox 433 1436 483 1492; x_wconf 77' lang='grc' dir='ltr'><strong>δὴ</strong></span> <span class='ocrx_word' id='word_1_183' title='bbox 513 1437 586 1479; x_wconf 85' lang='grc' dir='ltr'>καί</span> <span class='ocrx_word' id='word_1_184' title='bbox 614 1436 727 1486; x_wconf 76' lang='grc' dir='ltr'><em>ὅστις</em></span> <span class='ocrx_word' id='word_1_185' title='bbox 771 1454 791 1478; x_wconf 94' lang='grc' dir='ltr'><em>ο</em></span> <span class='ocrx_word' id='word_1_186' title='bbox 823 1440 896 1492; x_wconf 84' lang='grc' dir='ltr'><strong>τῆς</strong></span> <span class='ocrx_word' id='word_1_187' title='bbox 923 1439 1157 1492; x_wconf 81' lang='grc' dir='ltr'><em>μεταβολῆς</em></span> <span class='ocrx_word' id='word_1_188' title='bbox 1199 1437 1366 1517; x_wconf 85' lang='grc' dir='ltr'><em>τρόπος,</em></span> <span class='ocrx_word' id='word_1_189' title='bbox 1395 1437 1715 1491; x_wconf 79' lang='grc' dir='ltr'><em>ἐπισκέψασθαι</em></span> <span class='ocrx_word' id='word_1_190' title='bbox 1785 1491 1786 1495; x_wconf 14' lang='lat'>¹</span> 
     </span>
     <span class='ocr_line' id='line_1_21' title="bbox 255 1502 1771 1564; baseline -0.001 -19"><span class='ocrx_word' id='word_1_191' title='bbox 255 1503 575 1560; x_wconf 86' lang='grc' dir='ltr'><em>πειρασωμεθα.</em></span> <span class='ocrx_word' id='word_1_192' title='bbox 633 1505 718 1546; x_wconf 79' lang='grc' dir='ltr'><strong>πᾶν</strong></span> <span class='ocrx_word' id='word_1_193' title='bbox 745 1502 790 1545; x_wconf 84' lang='grc' dir='ltr'><em>τὸ</em></span> <span class='ocrx_word' id='word_1_194' title='bbox 821 1502 1187 1558; x_wconf 89' lang='grc' dir='ltr'><em>μεταβαλλόμενον</em></span> <span class='ocrx_word' id='word_1_195' title='bbox 1225 1502 1253 1559; x_wconf 81' lang='grc' dir='ltr'><em>ἢ</em></span> <span class='ocrx_word' id='word_1_196' title='bbox 1287 1508 1376 1546; x_wconf 83' lang='grc' dir='ltr'><em>κατ’</em></span> <span class='ocrx_word' id='word_1_197' title='bbox 1410 1502 1558 1561; x_wconf 75' lang='grc' dir='ltr'><em>οὐσίαν</em></span> <span class='ocrx_word' id='word_1_198' title='bbox 1582 1518 1771 1564; x_wconf 69' lang='grc' dir='ltr'><em>μετα-20</em></span> 
     </span>
     <span class='ocr_line' id='line_1_22' title="bbox 254 1565 1714 1650; baseline -0.001 -38"><span class='ocrx_word' id='word_1_199' title='bbox 254 1571 468 1625; x_wconf 80' lang='grc' dir='ltr'><em>βάλλεται,</em></span> <span class='ocrx_word' id='word_1_200' title='bbox 500 1568 524 1612; x_wconf 79' lang='grc' dir='ltr'>ὃ</span> <span class='ocrx_word' id='word_1_201' title='bbox 556 1569 606 1625; x_wconf 82' lang='grc' dir='ltr'><strong>δὴ</strong></span> <span class='ocrx_word' id='word_1_202' title='bbox 634 1571 734 1627; x_wconf 72' lang='grc' dir='ltr'><em>περὶ</em></span> <span class='ocrx_word' id='word_1_203' title='bbox 758 1571 919 1626; x_wconf 87' lang='grc' dir='ltr'><em>γένεσιν</em></span> <span class='ocrx_word' id='word_1_204' title='bbox 956 1587 1025 1612; x_wconf 94' lang='grc' dir='ltr'><strong>και</strong></span> <span class='ocrx_word' id='word_1_205' title='bbox 1066 1569 1236 1627; x_wconf 81' lang='grc' dir='ltr'><em>φθορὰν</em></span> <span class='ocrx_word' id='word_1_206' title='bbox 1280 1573 1524 1650; x_wconf 82' lang='grc' dir='ltr'><em>θεωρεῖται,</em></span> <span class='ocrx_word' id='word_1_207' title='bbox 1551 1565 1578 1625; x_wconf 81' lang='grc' dir='ltr'>ἢ</span> <span class='ocrx_word' id='word_1_208' title='bbox 1607 1569 1714 1612; x_wconf 86' lang='grc' dir='ltr'><em>κατά</em></span> 
     </span>
     <span class='ocr_line' id='line_1_23' title="bbox 253 1634 1710 1694; baseline 0.001 -17"><span class='ocrx_word' id='word_1_209' title='bbox 253 1653 293 1678; x_wconf 89' lang='grc' dir='ltr'><em>τι</em></span> <span class='ocrx_word' id='word_1_210' title='bbox 319 1638 401 1678; x_wconf 79' lang='grc' dir='ltr'><strong>τῶν</strong></span> <span class='ocrx_word' id='word_1_211' title='bbox 427 1637 471 1678; x_wconf 81' lang='grc' dir='ltr'><em>ἐν</em></span> <span class='ocrx_word' id='word_1_212' title='bbox 499 1636 628 1693; x_wconf 70' lang='grc' dir='ltr'><em>αὐτῶ,</em></span> <span class='ocrx_word' id='word_1_213' title='bbox 657 1637 729 1679; x_wconf 88' lang='grc' dir='ltr'>καί</span> <span class='ocrx_word' id='word_1_214' title='bbox 757 1637 876 1678; x_wconf 77' lang='grc' dir='ltr'><em>τοῦτο</em></span> <span class='ocrx_word' id='word_1_215' title='bbox 906 1638 1056 1689; x_wconf 78' lang='grc' dir='ltr'><em>διχῶς·</em></span> <span class='ocrx_word' id='word_1_216' title='bbox 1121 1635 1148 1691; x_wconf 82' lang='grc' dir='ltr'><em>ἢ</em></span> <span class='ocrx_word' id='word_1_217' title='bbox 1176 1636 1258 1694; x_wconf 81' lang='grc' dir='ltr'><em>γὰρ</em></span> <span class='ocrx_word' id='word_1_218' title='bbox 1287 1635 1394 1679; x_wconf 83' lang='grc' dir='ltr'><em>κατὰ</em></span> <span class='ocrx_word' id='word_1_219' title='bbox 1421 1634 1552 1679; x_wconf 79' lang='grc' dir='ltr'><em>ποσὸν</em></span> <span class='ocrx_word' id='word_1_220' title='bbox 1580 1652 1710 1688; x_wconf 87' lang='grc' dir='ltr'><em>μετα-</em></span> 
     </span>
    </p>
   </div>
   <div class='ocr_carea' id='block_1_3' title="bbox 1558 1700 1578 1717">
    <p class='ocr_par' dir='ltr' id='par_1_5' title="bbox 1558 1700 1578 1717">
     <span class='ocr_line' id='line_1_24' title="bbox 1558 1700 1578 1717; baseline 0.05 -1"><span class='ocrx_word' id='word_1_221' title='bbox 1558 1700 1578 1717; x_wconf 66' lang='grc' dir='ltr'><em>Ἃ</em></span> 
     </span>
    </p>
   </div>
   <div class='ocr_carea' id='block_1_4' title="bbox 253 1691 1714 1759">
    <p class='ocr_par' dir='ltr' id='par_1_6' title="bbox 253 1691 1714 1759">
     <span class='ocr_line' id='line_1_25' title="bbox 253 1691 1714 1759; baseline 0.001 -15"><span class='ocrx_word' id='word_1_222' title='bbox 253 1691 479 1757; x_wconf 84' lang='grc' dir='ltr'><em>βάλλεται,</em></span> <span class='ocrx_word' id='word_1_223' title='bbox 509 1703 617 1745; x_wconf 87' lang='grc' dir='ltr'><em>καθὸ</em></span> <span class='ocrx_word' id='word_1_224' title='bbox 657 1702 683 1759; x_wconf 80' lang='grc' dir='ltr'>ἡ</span> <span class='ocrx_word' id='word_1_225' title='bbox 715 1701 891 1759; x_wconf 66' lang='grc' dir='ltr'><em>αὔξησις</em></span> <span class='ocrx_word' id='word_1_226' title='bbox 920 1705 992 1746; x_wconf 83' lang='grc' dir='ltr'>καί</span> <span class='ocrx_word' id='word_1_227' title='bbox 1033 1702 1060 1758; x_wconf 82' lang='grc' dir='ltr'><em>ἦ</em></span> <span class='ocrx_word' id='word_1_228' title='bbox 1086 1705 1264 1759; x_wconf 89' lang='grc' dir='ltr'><em>μείωσις</em></span> <span class='ocrx_word' id='word_1_229' title='bbox 1295 1706 1520 1755; x_wconf 84' lang='grc' dir='ltr'><em>δείκνυται,</em></span> <span class='ocrx_word' id='word_1_230' title='bbox 1550 1721 1576 1759; x_wconf 91' lang='grc' dir='ltr'><em>η</em></span> <span class='ocrx_word' id='word_1_231' title='bbox 1605 1701 1714 1745; x_wconf 80' lang='grc' dir='ltr'><em>κατὰ</em></span> 
     </span>
    </p>
   </div>
   <div class='ocr_carea' id='block_1_5' title="bbox 250 1866 1753 2763">
    <p class='ocr_par' dir='ltr' id='par_1_7' title="bbox 250 1866 1778 2763">
     <span class='ocr_line' id='line_1_26' title="bbox 254 1866 1711 1916; baseline -0.001 -12"><span class='ocrx_word' id='word_1_232' title='bbox 254 1869 305 1904; x_wconf 86' lang='lat' dir='ltr'><strong>cis</strong></span> <span class='ocrx_word' id='word_1_233' title='bbox 331 1870 580 1905; x_wconf 81' lang='lat' dir='ltr'><strong>certaminibus</strong></span> <span class='ocrx_word' id='word_1_234' title='bbox 604 1870 755 1905; x_wconf 86' lang='lat' dir='ltr'><strong>studium</strong></span> <span class='ocrx_word' id='word_1_235' title='bbox 782 1871 947 1915; x_wconf 76' lang='lat' dir='ltr'><strong>ostendit,</strong></span> <span class='ocrx_word' id='word_1_236' title='bbox 972 1876 1011 1906; x_wconf 86' lang='lat' dir='ltr'><strong>ut</strong></span> <span class='ocrx_word' id='word_1_237' title='bbox 1034 1872 1071 1906; x_wconf 89' lang='lat' dir='ltr'><strong>in</strong></span> <span class='ocrx_word' id='word_1_238' title='bbox 1097 1866 1281 1916; x_wconf 77' lang='lat' dir='ltr'><strong>principiis</strong></span> <span class='ocrx_word' id='word_1_239' title='bbox 1305 1870 1429 1905; x_wconf 86' lang='lat' dir='ltr'><strong>horum</strong></span> <span class='ocrx_word' id='word_1_240' title='bbox 1454 1870 1623 1906; x_wconf 89' lang='lat' dir='ltr'><strong>librorum</strong></span> <span class='ocrx_word' id='word_1_241' title='bbox 1651 1870 1711 1905; x_wconf 80' lang='lat' dir='ltr'><strong>fu-</strong></span> 
     </span>
     <span class='ocr_line' id='line_1_27' title="bbox 254 1917 1742 1963; baseline 0.001 -12"><span class='ocrx_word' id='word_1_242' title='bbox 254 1918 327 1952; x_wconf 86' lang='lat' dir='ltr'><strong>sius</strong></span> <span class='ocrx_word' id='word_1_243' title='bbox 357 1917 401 1951; x_wconf 91' lang='lat' dir='ltr'><strong>de</strong></span> <span class='ocrx_word' id='word_1_244' title='bbox 427 1927 470 1951; x_wconf 90' lang='lat' dir='ltr'><strong>eo</strong></span> <span class='ocrx_word' id='word_1_245' title='bbox 495 1918 598 1951; x_wconf 87' lang='lat' dir='ltr'><strong>nobis</strong></span> <span class='ocrx_word' id='word_1_246' title='bbox 624 1918 753 1952; x_wconf 91' lang='lat' dir='ltr'><strong>dictum</strong></span> <span class='ocrx_word' id='word_1_247' title='bbox 783 1924 855 1961; x_wconf 88' lang='lat' dir='ltr'><strong>est,</strong></span> <span class='ocrx_word' id='word_1_248' title='bbox 890 1921 1042 1953; x_wconf 89' lang='lat' dir='ltr'><strong>omnium</strong></span> <span class='ocrx_word' id='word_1_249' title='bbox 1077 1919 1285 1953; x_wconf 87' lang='lat' dir='ltr'><strong>acerrimum</strong></span> <span class='ocrx_word' id='word_1_250' title='bbox 1322 1923 1468 1963; x_wconf 85' lang='lat' dir='ltr'><strong>propter</strong></span> <span class='ocrx_word' id='word_1_251' title='bbox 1499 1918 1712 1963; x_wconf 78' lang='lat' dir='ltr'><strong>religionem</strong></span> <span class='ocrx_word' id='word_1_252' title='bbox 1740 1949 1742 1952; x_wconf 80' lang='grc'><em>,</em></span> 
     </span>
     <span class='ocr_line' id='line_1_28' title="bbox 253 1965 1711 2010; baseline 0.001 -13"><span class='ocrx_word' id='word_1_253' title='bbox 253 1965 403 1998; x_wconf 85' lang='lat' dir='ltr'><strong>animum</strong></span> <span class='ocrx_word' id='word_1_254' title='bbox 433 1965 592 1998; x_wconf 78' lang='lat' dir='ltr'><strong>exhibuit</strong></span> <span class='ocrx_word' id='word_1_255' title='bbox 619 1970 654 1998; x_wconf 88' lang='lat' dir='ltr'><strong>et</strong></span> <span class='ocrx_word' id='word_1_256' title='bbox 676 1966 836 2008; x_wconf 79' lang='lat' dir='ltr'><strong>tyrannis</strong></span> <span class='ocrx_word' id='word_1_257' title='bbox 863 1966 928 2006; x_wconf 82' lang='lat' dir='ltr'><strong>illo</strong></span> <span class='ocrx_word' id='word_1_258' title='bbox 953 1972 1113 2010; x_wconf 86' lang='lat' dir='ltr'><strong>tempore</strong></span> <span class='ocrx_word' id='word_1_259' title='bbox 1139 1966 1182 2000; x_wconf 89' lang='lat' dir='ltr'><strong>de</strong></span> <span class='ocrx_word' id='word_1_260' title='bbox 1207 1966 1316 2001; x_wconf 86' lang='lat' dir='ltr'><strong>sacris</strong></span> <span class='ocrx_word' id='word_1_261' title='bbox 1345 1965 1557 2010; x_wconf 78' lang='lat' dir='ltr'><strong>imaginibus</strong></span> <span class='ocrx_word' id='word_1_262' title='bbox 1585 1966 1711 1999; x_wconf 85' lang='lat' dir='ltr'><strong>furen-</strong></span> 
     </span>
     <span class='ocr_line' id='line_1_29' title="bbox 251 2011 1711 2057; baseline 0.001 -12"><span class='ocrx_word' id='word_1_263' title='bbox 251 2011 345 2045; x_wconf 90' lang='lat' dir='ltr'><strong>tibus</strong></span> <span class='ocrx_word' id='word_1_264' title='bbox 372 2013 550 2056; x_wconf 88' lang='lat' dir='ltr'><strong>opposuit,</strong></span> <span class='ocrx_word' id='word_1_265' title='bbox 573 2023 594 2046; x_wconf 87' lang='lat' dir='ltr'><strong>a</strong></span> <span class='ocrx_word' id='word_1_266' title='bbox 621 2012 747 2056; x_wconf 85' lang='lat' dir='ltr'><strong>quibus</strong></span> <span class='ocrx_word' id='word_1_267' title='bbox 773 2013 883 2047; x_wconf 80' lang='lat' dir='ltr'><strong>facies</strong></span> <span class='ocrx_word' id='word_1_268' title='bbox 911 2015 986 2047; x_wconf 90' lang='lat' dir='ltr'><strong>cius</strong></span> <span class='ocrx_word' id='word_1_269' title='bbox 1011 2014 1188 2057; x_wconf 88' lang='lat' dir='ltr'><strong>descripta</strong></span> <span class='ocrx_word' id='word_1_270' title='bbox 1215 2018 1269 2047; x_wconf 85' lang='lat' dir='ltr'><strong>est</strong></span> <span class='ocrx_word' id='word_1_271' title='bbox 1294 2018 1329 2046; x_wconf 87' lang='lat' dir='ltr'><strong>et</strong></span> <span class='ocrx_word' id='word_1_272' title='bbox 1353 2013 1504 2056; x_wconf 84' lang='lat' dir='ltr'><strong>depicta,</strong></span> <span class='ocrx_word' id='word_1_273' title='bbox 1529 2013 1622 2047; x_wconf 88' lang='lat' dir='ltr'><strong>uude</strong></span> <span class='ocrx_word' id='word_1_274' title='bbox 1643 2013 1711 2047; x_wconf 90' lang='lat' dir='ltr'><strong>de-</strong></span> 
     </span>
     <span class='ocr_line' id='line_1_30' title="bbox 252 2059 1710 2104; baseline -0.002 -11"><span class='ocrx_word' id='word_1_275' title='bbox 252 2059 374 2102; x_wconf 76' lang='lat' dir='ltr'><strong>scripti</strong></span> <span class='ocrx_word' id='word_1_276' title='bbox 408 2069 536 2092; x_wconf 91' lang='lat' dir='ltr'><strong>nomen</strong></span> <span class='ocrx_word' id='word_1_277' title='bbox 575 2059 676 2101; x_wconf 82' lang='lat' dir='ltr'><strong>tulit3</strong></span> <span class='ocrx_word' id='word_1_278' title='bbox 715 2070 819 2104; x_wconf 93' lang='lat' dir='ltr'><strong>quum</strong></span> <span class='ocrx_word' id='word_1_279' title='bbox 854 2060 1014 2104; x_wconf 76' lang='lat' dir='ltr'><strong>plurimis</strong></span> <span class='ocrx_word' id='word_1_280' title='bbox 1040 2060 1119 2094; x_wconf 86' lang='lat' dir='ltr'><strong>aliis</strong></span> <span class='ocrx_word' id='word_1_281' title='bbox 1155 2060 1255 2094; x_wconf 84' lang='lat' dir='ltr'><strong>libris</strong></span> <span class='ocrx_word' id='word_1_282' title='bbox 1292 2060 1349 2093; x_wconf 87' lang='lat' dir='ltr'><strong>dei</strong></span> <span class='ocrx_word' id='word_1_283' title='bbox 1383 2059 1568 2093; x_wconf 83' lang='lat' dir='ltr'><strong>ecclesiam</strong></span> <span class='ocrx_word' id='word_1_284' title='bbox 1603 2069 1710 2094; x_wconf 82' lang='lat' dir='ltr'><strong>exor-</strong></span> 
     </span>
     <span class='ocr_line' id='line_1_31' title="bbox 251 2106 1710 2151; baseline 0 -12"><span class='ocrx_word' id='word_1_285' title='bbox 251 2107 363 2147; x_wconf 81' lang='lat' dir='ltr'><strong>navit,</strong></span> <span class='ocrx_word' id='word_1_286' title='bbox 392 2112 462 2139; x_wconf 89' lang='lat' dir='ltr'><strong>tum</strong></span> <span class='ocrx_word' id='word_1_287' title='bbox 494 2108 545 2139; x_wconf 85' lang='lat' dir='ltr'><strong>eis</strong></span> <span class='ocrx_word' id='word_1_288' title='bbox 571 2107 741 2148; x_wconf 85' lang='lat' dir='ltr'><strong>maxime,</strong></span> <span class='ocrx_word' id='word_1_289' title='bbox 768 2117 856 2151; x_wconf 92' lang='lat' dir='ltr'><strong>quos</strong></span> <span class='ocrx_word' id='word_1_290' title='bbox 883 2109 926 2141; x_wconf 91' lang='lat' dir='ltr'><strong>de</strong></span> <span class='ocrx_word' id='word_1_291' title='bbox 950 2107 1190 2141; x_wconf 79' lang='lat' dir='ltr'><strong>iconomachis</strong></span> <span class='ocrx_word' id='word_1_292' title='bbox 1224 2107 1350 2148; x_wconf 82' lang='lat' dir='ltr'><strong>edidit3</strong></span> <span class='ocrx_word' id='word_1_293' title='bbox 1383 2107 1419 2140; x_wconf 87' lang='lat' dir='ltr'><strong>iu</strong></span> <span class='ocrx_word' id='word_1_294' title='bbox 1445 2106 1627 2141; x_wconf 77' lang='lat' dir='ltr'><strong>historiam</strong></span> <span class='ocrx_word' id='word_1_295' title='bbox 1651 2107 1710 2140; x_wconf 86' lang='lat' dir='ltr'><strong>in-</strong></span> 
     </span>
     <span class='ocr_line' id='line_1_32' title="bbox 253 2153 1709 2199; baseline 0.001 -14"><span class='ocrx_word' id='word_1_296' title='bbox 253 2153 373 2187; x_wconf 82' lang='lat' dir='ltr'><strong>cidens</strong></span> <span class='ocrx_word' id='word_1_297' title='bbox 403 2153 500 2187; x_wconf 87' lang='lat' dir='ltr'><strong>illius</strong></span> <span class='ocrx_word' id='word_1_298' title='bbox 536 2154 633 2197; x_wconf 87' lang='lat' dir='ltr'><strong>impii</strong></span> <span class='ocrx_word' id='word_1_299' title='bbox 669 2154 834 2196; x_wconf 85' lang='lat' dir='ltr'><strong>Eusebii,</strong></span> <span class='ocrx_word' id='word_1_300' title='bbox 870 2155 929 2199; x_wconf 90' lang='lat' dir='ltr'><strong>qui</strong></span> <span class='ocrx_word' id='word_1_301' title='bbox 962 2156 998 2188; x_wconf 90' lang='lat' dir='ltr'><strong>in</strong></span> <span class='ocrx_word' id='word_1_302' title='bbox 1039 2155 1102 2188; x_wconf 89' lang='lat' dir='ltr'><strong>hac</strong></span> <span class='ocrx_word' id='word_1_303' title='bbox 1150 2164 1189 2188; x_wconf 87' lang='lat' dir='ltr'><strong>re</strong></span> <span class='ocrx_word' id='word_1_304' title='bbox 1222 2155 1368 2198; x_wconf 89' lang='lat' dir='ltr'><strong>primum</strong></span> <span class='ocrx_word' id='word_1_305' title='bbox 1394 2153 1544 2187; x_wconf 86' lang='lat' dir='ltr'><strong>obtinuit</strong></span> <span class='ocrx_word' id='word_1_306' title='bbox 1578 2153 1709 2195; x_wconf 89' lang='lat' dir='ltr'><strong>locum,</strong></span> 
     </span>
     <span class='ocr_line' id='line_1_33' title="bbox 253 2199 1711 2246; baseline 0 -13"><span class='ocrx_word' id='word_1_307' title='bbox 253 2205 395 2243; x_wconf 89' lang='lat' dir='ltr'><strong>praeter</strong></span> <span class='ocrx_word' id='word_1_308' title='bbox 421 2199 492 2234; x_wconf 89' lang='lat' dir='ltr'><strong>alia</strong></span> <span class='ocrx_word' id='word_1_309' title='bbox 519 2200 606 2234; x_wconf 89' lang='lat' dir='ltr'><strong>haec</strong></span> <span class='ocrx_word' id='word_1_310' title='bbox 636 2201 795 2235; x_wconf 89' lang='lat' dir='ltr'><strong>disserit:</strong></span> <span class='ocrx_word' id='word_1_311' title='bbox 830 2203 921 2246; x_wconf 93' lang='lat' dir='ltr'><strong>quod</strong></span> <span class='ocrx_word' id='word_1_312' title='bbox 956 2201 1070 2234; x_wconf 90' lang='lat' dir='ltr'><strong>lucem</strong></span> <span class='ocrx_word' id='word_1_313' title='bbox 1097 2201 1272 2235; x_wconf 83' lang='lat' dir='ltr'><strong>infandam</strong></span> <span class='ocrx_word' id='word_1_314' title='bbox 1301 2205 1335 2234; x_wconf 88' lang='lat' dir='ltr'><strong>et</strong></span> <span class='ocrx_word' id='word_1_315' title='bbox 1361 2199 1648 2244; x_wconf 85' lang='lat' dir='ltr'><strong>incuplicabilem</strong></span> <span class='ocrx_word' id='word_1_316' title='bbox 1675 2204 1711 2233; x_wconf 86' lang='lat' dir='ltr'><strong>et</strong></span> 
     </span>
     <span class='ocr_line' id='line_1_34' title="bbox 253 2247 1708 2292; baseline 0 -12"><span class='ocrx_word' id='word_1_317' title='bbox 253 2247 319 2280; x_wconf 88' lang='lat' dir='ltr'><strong>deo</strong></span> <span class='ocrx_word' id='word_1_318' title='bbox 350 2247 459 2280; x_wconf 90' lang='lat' dir='ltr'><strong>verbo</strong></span> <span class='ocrx_word' id='word_1_319' title='bbox 497 2248 671 2281; x_wconf 83' lang='lat' dir='ltr'><strong>dicentem</strong></span> <span class='ocrx_word' id='word_1_320' title='bbox 711 2249 837 2281; x_wconf 80' lang='lat' dir='ltr'><strong>attinet</strong></span> <span class='ocrx_word' id='word_1_321' title='bbox 861 2248 1041 2282; x_wconf 89' lang='lat' dir='ltr'><strong>illudendo</strong></span> <span class='ocrx_word' id='word_1_322' title='bbox 1075 2249 1212 2292; x_wconf 84' lang='lat' dir='ltr'><strong>profert</strong></span> <span class='ocrx_word' id='word_1_323' title='bbox 1239 2248 1414 2283; x_wconf 77' lang='lat' dir='ltr'><strong>Eusebius</strong></span> <span class='ocrx_word' id='word_1_324' title='bbox 1438 2248 1536 2282; x_wconf 85' lang='lat' dir='ltr'><strong>servi</strong></span> <span class='ocrx_word' id='word_1_325' title='bbox 1565 2247 1708 2282; x_wconf 77' lang='lat' dir='ltr'><strong>sormam</strong></span> 
     </span>
     <span class='ocr_line' id='line_1_35' title="bbox 252 2294 1709 2340; baseline 0.001 -13"><span class='ocrx_word' id='word_1_326' title='bbox 252 2299 480 2338; x_wconf 86' lang='lat' dir='ltr'><strong>permutatam</strong></span> <span class='ocrx_word' id='word_1_327' title='bbox 519 2306 597 2328; x_wconf 85' lang='lat' dir='ltr'><strong>esse</strong></span> <span class='ocrx_word' id='word_1_328' title='bbox 625 2296 660 2327; x_wconf 93' lang='lat' dir='ltr'><strong>in</strong></span> <span class='ocrx_word' id='word_1_329' title='bbox 686 2300 829 2337; x_wconf 87' lang='lat' dir='ltr'><strong>monte,</strong></span> <span class='ocrx_word' id='word_1_330' title='bbox 871 2294 985 2329; x_wconf 89' lang='lat' dir='ltr'><strong>lucem</strong></span> <span class='ocrx_word' id='word_1_331' title='bbox 1020 2306 1121 2340; x_wconf 92' lang='lat' dir='ltr'><strong>quam</strong></span> <span class='ocrx_word' id='word_1_332' title='bbox 1152 2295 1272 2330; x_wconf 81' lang='lat' dir='ltr'><strong>nullus</strong></span> <span class='ocrx_word' id='word_1_333' title='bbox 1309 2295 1434 2330; x_wconf 87' lang='lat' dir='ltr'><strong>oculus</strong></span> <span class='ocrx_word' id='word_1_334' title='bbox 1466 2295 1576 2337; x_wconf 84' lang='lat' dir='ltr'><strong>vidit,</strong></span> <span class='ocrx_word' id='word_1_335' title='bbox 1610 2294 1709 2328; x_wconf 84' lang='lat' dir='ltr'><strong>nulla</strong></span> 
     </span>
     <span class='ocr_line' id='line_1_36' title="bbox 253 2341 1747 2387; baseline 0 -13"><span class='ocrx_word' id='word_1_336' title='bbox 253 2341 348 2374; x_wconf 87' lang='lat' dir='ltr'><strong>auris</strong></span> <span class='ocrx_word' id='word_1_337' title='bbox 375 2343 535 2385; x_wconf 82' lang='lat' dir='ltr'><strong>percepit</strong></span> <span class='ocrx_word' id='word_1_338' title='bbox 564 2347 598 2375; x_wconf 87' lang='lat' dir='ltr'><strong>et</strong></span> <span class='ocrx_word' id='word_1_339' title='bbox 626 2352 715 2386; x_wconf 86' lang='lat' dir='ltr'><strong>quae</strong></span> <span class='ocrx_word' id='word_1_340' title='bbox 740 2343 775 2375; x_wconf 92' lang='lat' dir='ltr'><strong>in</strong></span> <span class='ocrx_word' id='word_1_341' title='bbox 801 2342 935 2376; x_wconf 87' lang='lat' dir='ltr'><strong>nullius</strong></span> <span class='ocrx_word' id='word_1_342' title='bbox 962 2343 1112 2376; x_wconf 90' lang='lat' dir='ltr'><strong>hominis</strong></span> <span class='ocrx_word' id='word_1_343' title='bbox 1137 2348 1261 2387; x_wconf 89' lang='lat' dir='ltr'><strong>pectus</strong></span> <span class='ocrx_word' id='word_1_344' title='bbox 1287 2343 1397 2377; x_wconf 85' lang='lat' dir='ltr'><strong>venit.</strong></span> <span class='ocrx_word' id='word_1_345' title='bbox 1446 2342 1536 2375; x_wconf 86' lang='lat' dir='ltr'><strong>haec</strong></span> <span class='ocrx_word' id='word_1_346' title='bbox 1564 2341 1709 2376; x_wconf 83' lang='lat' dir='ltr'><strong>Eusebii</strong></span> <span class='ocrx_word' id='word_1_347' title='bbox 1738 2364 1747 2378; x_wconf 51' lang='lat'>2</span> 
     </span>
     <span class='ocr_line' id='line_1_37' title="bbox 254 2388 1710 2434; baseline 0.001 -13"><span class='ocrx_word' id='word_1_348' title='bbox 254 2388 387 2430; x_wconf 84' lang='lat' dir='ltr'><strong>verba,</strong></span> <span class='ocrx_word' id='word_1_349' title='bbox 415 2389 540 2434; x_wconf 85' lang='lat' dir='ltr'><strong>quibus</strong></span> <span class='ocrx_word' id='word_1_350' title='bbox 569 2393 675 2422; x_wconf 86' lang='lat' dir='ltr'><strong>totam</strong></span> <span class='ocrx_word' id='word_1_351' title='bbox 702 2389 864 2423; x_wconf 87' lang='lat' dir='ltr'><strong>haeresin</strong></span> <span class='ocrx_word' id='word_1_352' title='bbox 893 2391 1100 2434; x_wconf 86' lang='lat' dir='ltr'><strong>composuit.</strong></span> <span class='ocrx_word' id='word_1_353' title='bbox 1151 2400 1220 2434; x_wconf 92' lang='lat' dir='ltr'><strong>quo</strong></span> <span class='ocrx_word' id='word_1_354' title='bbox 1245 2399 1332 2424; x_wconf 87' lang='lat' dir='ltr'><strong>vero</strong></span> <span class='ocrx_word' id='word_1_355' title='bbox 1356 2389 1411 2422; x_wconf 89' lang='lat' dir='ltr'><strong>illi</strong></span> <span class='ocrx_word' id='word_1_356' title='bbox 1437 2389 1527 2423; x_wconf 88' lang='lat' dir='ltr'><strong>haec</strong></span> <span class='ocrx_word' id='word_1_357' title='bbox 1551 2389 1710 2423; x_wconf 87' lang='lat' dir='ltr'><strong>doctrina</strong></span> 
     </span>
     <span class='ocr_line' id='line_1_38' title="bbox 255 2435 1711 2481; baseline 0.001 -13"><span class='ocrx_word' id='word_1_358' title='bbox 255 2440 289 2468; x_wconf 87' lang='lat' dir='ltr'><strong>et</strong></span> <span class='ocrx_word' id='word_1_359' title='bbox 313 2436 439 2480; x_wconf 84' lang='lat' dir='ltr'><strong>dogma</strong></span> <span class='ocrx_word' id='word_1_360' title='bbox 464 2436 594 2477; x_wconf 84' lang='lat' dir='ltr'><strong>flectat,</strong></span> <span class='ocrx_word' id='word_1_361' title='bbox 621 2446 721 2480; x_wconf 90' lang='lat' dir='ltr'><strong>quam</strong></span> <span class='ocrx_word' id='word_1_362' title='bbox 748 2438 897 2470; x_wconf 82' lang='lat' dir='ltr'><strong>maxime</strong></span> <span class='ocrx_word' id='word_1_363' title='bbox 924 2438 1045 2481; x_wconf 82' lang='lat' dir='ltr'><strong>paucis</strong></span> <span class='ocrx_word' id='word_1_364' title='bbox 1074 2437 1253 2471; x_wconf 86' lang='lat' dir='ltr'><strong>videamus</strong></span> <span class='ocrx_word' id='word_1_365' title='bbox 1283 2442 1317 2470; x_wconf 91' lang='lat' dir='ltr'><strong>et</strong></span> <span class='ocrx_word' id='word_1_366' title='bbox 1342 2447 1432 2481; x_wconf 89' lang='lat' dir='ltr'><strong>quae</strong></span> <span class='ocrx_word' id='word_1_367' title='bbox 1454 2435 1639 2481; x_wconf 86' lang='lat' dir='ltr'><strong>qualisque</strong></span> <span class='ocrx_word' id='word_1_368' title='bbox 1663 2436 1711 2470; x_wconf 79' lang='lat' dir='ltr'><strong>sit</strong></span> 
     </span>
     <span class='ocr_line' id='line_1_39' title="bbox 255 2483 1753 2528; baseline 0.001 -14"><span class='ocrx_word' id='word_1_369' title='bbox 255 2483 523 2525; x_wconf 83' lang='lat' dir='ltr'><strong>permutationis</strong></span> <span class='ocrx_word' id='word_1_370' title='bbox 548 2484 638 2516; x_wconf 86' lang='lat' dir='ltr'><strong>ratio</strong></span> <span class='ocrx_word' id='word_1_371' title='bbox 666 2484 862 2528; x_wconf 85' lang='lat' dir='ltr'><strong>disquirere</strong></span> <span class='ocrx_word' id='word_1_372' title='bbox 889 2494 1067 2517; x_wconf 88' lang='lat' dir='ltr'><strong>conemur.</strong></span> <span class='ocrx_word' id='word_1_373' title='bbox 1131 2493 1232 2517; x_wconf 90' lang='lat' dir='ltr'><strong>omne</strong></span> <span class='ocrx_word' id='word_1_374' title='bbox 1269 2484 1361 2528; x_wconf 93' lang='lat' dir='ltr'><strong>quod</strong></span> <span class='ocrx_word' id='word_1_375' title='bbox 1399 2488 1614 2527; x_wconf 81' lang='lat' dir='ltr'><strong>permutatur</strong></span> <span class='ocrx_word' id='word_1_376' title='bbox 1650 2487 1710 2516; x_wconf 86' lang='lat' dir='ltr'><strong>aut</strong></span> <span class='ocrx_word' id='word_1_377' title='bbox 1751 2496 1753 2504; x_wconf 57' lang='lat'>³</span> 
     </span>
     <span class='ocr_line' id='line_1_40' title="bbox 254 2529 1709 2575; baseline 0.001 -14"><span class='ocrx_word' id='word_1_378' title='bbox 254 2529 492 2563; x_wconf 80' lang='lat' dir='ltr'><strong>essentialiter</strong></span> <span class='ocrx_word' id='word_1_379' title='bbox 518 2535 746 2573; x_wconf 85' lang='lat' dir='ltr'><strong>permutatur,</strong></span> <span class='ocrx_word' id='word_1_380' title='bbox 774 2531 807 2564; x_wconf 94' lang='lat' dir='ltr'><strong>id</strong></span> <span class='ocrx_word' id='word_1_381' title='bbox 833 2532 924 2575; x_wconf 90' lang='lat' dir='ltr'><strong>quod</strong></span> <span class='ocrx_word' id='word_1_382' title='bbox 949 2537 1085 2575; x_wconf 87' lang='lat' dir='ltr'><strong>spectat</strong></span> <span class='ocrx_word' id='word_1_383' title='bbox 1109 2532 1152 2565; x_wconf 88' lang='lat' dir='ltr'><strong>ad</strong></span> <span class='ocrx_word' id='word_1_384' title='bbox 1179 2536 1291 2564; x_wconf 89' lang='lat' dir='ltr'><strong>ortum</strong></span> <span class='ocrx_word' id='word_1_385' title='bbox 1318 2537 1353 2564; x_wconf 90' lang='lat' dir='ltr'><strong>et</strong></span> <span class='ocrx_word' id='word_1_386' title='bbox 1371 2540 1532 2565; x_wconf 83' lang='lat' dir='ltr'><strong>occasum</strong></span> <span class='ocrx_word' id='word_1_387' title='bbox 1547 2536 1607 2564; x_wconf 87' lang='lat' dir='ltr'><strong>aut</strong></span> <span class='ocrx_word' id='word_1_388' title='bbox 1623 2540 1709 2574; x_wconf 88' lang='lat' dir='ltr'><strong>per-</strong></span> 
     </span>
     <span class='ocr_line' id='line_1_41' title="bbox 251 2576 1708 2622; baseline 0.001 -14"><span class='ocrx_word' id='word_1_389' title='bbox 251 2576 463 2618; x_wconf 86' lang='lat' dir='ltr'><strong>ticulariter‚</strong></span> <span class='ocrx_word' id='word_1_390' title='bbox 491 2587 582 2621; x_wconf 87' lang='lat' dir='ltr'><strong>quae</strong></span> <span class='ocrx_word' id='word_1_391' title='bbox 608 2579 698 2610; x_wconf 87' lang='lat' dir='ltr'><strong>ratio</strong></span> <span class='ocrx_word' id='word_1_392' title='bbox 726 2578 857 2622; x_wconf 88' lang='lat' dir='ltr'><strong>duplex</strong></span> <span class='ocrx_word' id='word_1_393' title='bbox 882 2584 951 2612; x_wconf 85' lang='lat' dir='ltr'><strong>est:</strong></span> <span class='ocrx_word' id='word_1_394' title='bbox 978 2584 1038 2612; x_wconf 88' lang='lat' dir='ltr'><strong>aut</strong></span> <span class='ocrx_word' id='word_1_395' title='bbox 1068 2579 1157 2611; x_wconf 90' lang='lat' dir='ltr'><strong>enim</strong></span> <span class='ocrx_word' id='word_1_396' title='bbox 1173 2578 1215 2611; x_wconf 93' lang='lat' dir='ltr'><strong>ad</strong></span> <span class='ocrx_word' id='word_1_397' title='bbox 1234 2579 1462 2622; x_wconf 82' lang='lat' dir='ltr'><strong>quantitatem</strong></span> <span class='ocrx_word' id='word_1_398' title='bbox 1481 2582 1708 2622; x_wconf 86' lang='lat' dir='ltr'><strong>permutatur,</strong></span> 
     </span>
     <span class='ocr_line' id='line_1_42' title="bbox 250 2623 1707 2670; baseline 0.001 -15"><span class='ocrx_word' id='word_1_399' title='bbox 250 2627 288 2655; x_wconf 93' lang='lat' dir='ltr'><strong>ut</strong></span> <span class='ocrx_word' id='word_1_400' title='bbox 316 2625 432 2656; x_wconf 86' lang='lat' dir='ltr'><strong>auctio</strong></span> <span class='ocrx_word' id='word_1_401' title='bbox 463 2630 497 2657; x_wconf 91' lang='lat' dir='ltr'><strong>et</strong></span> <span class='ocrx_word' id='word_1_402' title='bbox 523 2624 715 2658; x_wconf 86' lang='lat' dir='ltr'><strong>deminutio</strong></span> <span class='ocrx_word' id='word_1_403' title='bbox 745 2630 804 2658; x_wconf 86' lang='lat' dir='ltr'><strong>aut</strong></span> <span class='ocrx_word' id='word_1_404' title='bbox 831 2626 872 2659; x_wconf 91' lang='lat' dir='ltr'><strong>ad</strong></span> <span class='ocrx_word' id='word_1_405' title='bbox 899 2626 1115 2670; x_wconf 83' lang='lat' dir='ltr'><strong>qualitatem,</strong></span> <span class='ocrx_word' id='word_1_406' title='bbox 1142 2635 1186 2659; x_wconf 87' lang='lat' dir='ltr'><strong>ex</strong></span> <span class='ocrx_word' id='word_1_407' title='bbox 1211 2635 1277 2669; x_wconf 93' lang='lat' dir='ltr'><strong>qua</strong></span> <span class='ocrx_word' id='word_1_408' title='bbox 1303 2626 1531 2670; x_wconf 83' lang='lat' dir='ltr'><strong>consequitur</strong></span> <span class='ocrx_word' id='word_1_409' title='bbox 1545 2623 1707 2658; x_wconf 82' lang='lat' dir='ltr'><strong>variatio.</strong></span> 
     </span>
     <span class='ocr_line' id='line_1_43' title="bbox 251 2670 1707 2715; baseline 0 -12"><span class='ocrx_word' id='word_1_410' title='bbox 251 2670 280 2703; x_wconf 91' lang='lat' dir='ltr'><strong>si</strong></span> <span class='ocrx_word' id='word_1_411' title='bbox 307 2670 413 2714; x_wconf 87' lang='lat' dir='ltr'><strong>igitur</strong></span> <span class='ocrx_word' id='word_1_412' title='bbox 437 2671 478 2703; x_wconf 91' lang='lat' dir='ltr'><strong>ad</strong></span> <span class='ocrx_word' id='word_1_413' title='bbox 506 2670 708 2715; x_wconf 83' lang='lat' dir='ltr'><strong>qualitatem</strong></span> <span class='ocrx_word' id='word_1_414' title='bbox 728 2678 922 2715; x_wconf 87' lang='lat' dir='ltr'><strong>permutata</strong></span> <span class='ocrx_word' id='word_1_415' title='bbox 949 2679 1014 2715; x_wconf 86' lang='lat' dir='ltr'><strong>est,</strong></span> <span class='ocrx_word' id='word_1_416' title='bbox 1041 2673 1187 2706; x_wconf 90' lang='lat' dir='ltr'><strong>adducta</strong></span> <span class='ocrx_word' id='word_1_417' title='bbox 1215 2677 1267 2706; x_wconf 83' lang='lat' dir='ltr'><strong>est</strong></span> <span class='ocrx_word' id='word_1_418' title='bbox 1291 2672 1333 2706; x_wconf 90' lang='lat' dir='ltr'><strong>ad</strong></span> <span class='ocrx_word' id='word_1_419' title='bbox 1348 2673 1591 2715; x_wconf 87' lang='lat' dir='ltr'><strong>variationem,</strong></span> <span class='ocrx_word' id='word_1_420' title='bbox 1617 2679 1707 2715; x_wconf 88' lang='lat' dir='ltr'><strong>quae</strong></span> 
     </span>
     <span class='ocr_line' id='line_1_44' title="bbox 253 2718 1707 2763; baseline 0.001 -13"><span class='ocrx_word' id='word_1_421' title='bbox 253 2721 307 2751; x_wconf 85' lang='lat' dir='ltr'><strong>est</strong></span> <span class='ocrx_word' id='word_1_422' title='bbox 329 2718 589 2763; x_wconf 83' lang='lat' dir='ltr'><strong>transfiguratio</strong></span> <span class='ocrx_word' id='word_1_423' title='bbox 617 2719 830 2754; x_wconf 85' lang='lat' dir='ltr'><strong>characteris</strong></span> <span class='ocrx_word' id='word_1_424' title='bbox 856 2719 1007 2754; x_wconf 88' lang='lat' dir='ltr'><strong>alicuius</strong></span> <span class='ocrx_word' id='word_1_425' title='bbox 1035 2725 1093 2755; x_wconf 86' lang='lat' dir='ltr'><strong>aut</strong></span> <span class='ocrx_word' id='word_1_426' title='bbox 1118 2720 1154 2755; x_wconf 90' lang='lat' dir='ltr'><strong>in</strong></span> <span class='ocrx_word' id='word_1_427' title='bbox 1192 2730 1231 2754; x_wconf 87' lang='lat' dir='ltr'><strong>re</strong></span> <span class='ocrx_word' id='word_1_428' title='bbox 1256 2720 1415 2756; x_wconf 85' lang='lat' dir='ltr'><strong>subiecta</strong></span> <span class='ocrx_word' id='word_1_429' title='bbox 1438 2720 1584 2755; x_wconf 85' lang='lat' dir='ltr'><strong>mutatio</strong></span> <span class='ocrx_word' id='word_1_430' title='bbox 1609 2718 1707 2754; x_wconf 81' lang='lat' dir='ltr'><strong>finite</strong></span> 
     </span>
    </p>
   </div>
  </div>
 </body>
</html>
