1826 3120
21 0 56 128 ¹
257 147 555 203 msromA'ss
585 145 934 198 emm-mm
956 153 1099 196 xxix.
1130 139 1340 196 Ι1--10,
1465 138 1561 194 229

34 252 37 254 Ι
89 259 310 318 ὅπότερον,
342 257 416 303 εἴτ’
461 256 616 308 εἰωθὸς
643 260 769 315 σφίσι
806 262 942 299 ποιεῖν
979 257 1040 307 εἷς
1079 253 1320 311 ἐμπαιγμὸν
1346 256 1431 297 τῶν
1465 252 1564 296 ἅλι-

90 329 306 384 σκομένων
331 327 606 383 χριστιανῶν,
636 325 711 369 εἴτ’
742 324 1020 374 ε’νδεδωκυιάς
1050 325 1124 378 τῆς
1144 323 1265 372 θείας
1298 317 1464 365 ἄνωθεν
1495 322 1566 364 δί-

90 412 169 454 κης,
195 394 403 448 ἐνταῦθα,
430 396 724 448 μακροθυμεῖν
753 392 809 441 ὥς
843 392 998 435 ἐπίπαν
1029 392 1080 434 ου’
1107 392 1223 444 μάλα
1255 391 1563 444 α’νασχομένης,

36 483 39 486 ·
91 464 121 522 ἢ
148 462 222 514 τὸν
251 462 467 517 ἀλιτήριον
494 458 552 512 ὥς
579 459 766 516 α’ρχηγὸν
795 462 870 516 τῆς
898 461 971 502 νῦν
1001 457 1339 513 ἐπιπολαζούσης
1369 459 1565 511 α’σεβειάς

55 533 219 588 5χερσί
246 528 480 585 βαρβάρων
521 530 815 584 παρέπεμψεν,
843 528 912 569 ἵνα
940 524 998 582 μή
1041 524 1151 584 λάθῃ
1189 526 1299 581 μηδὲ
1327 530 1415 574 τοῖς
1446 524 1566 577 οἶμα-

31 652 33 654 ,
90 602 294 653 θέστερον
334 593 362 652 ἦ
393 595 674 649 ἀμελέστερον
720 596 818 649 περὶ
853 594 904 638 τὰ
949 598 1048 637 θεῖα
1092 595 1372 648 διακειμένοις
1418 590 1462 635 τό
1492 595 1566 647 τῆς

30 675 31 682 ’
91 667 229 710 αὐτοῦ
248 681 295 721 γε
314 663 518 719 αἱρέσεως
547 660 781 716 αἴσχιστον,
801 662 893 704 ἀλλ’
925 657 1048 717 ὕβρις
1077 657 1204 718 ὕβριν
1234 658 1464 717 α’μόνηται,
1494 660 1569 702 καί

31 789 35 794 .
92 733 139 778 τὸ
163 735 215 792 τῇ
233 732 372 775 αὕτοῦ
395 732 516 789 κακίᾳ
538 732 850 783 κεκαλυμμένον
872 729 1056 784 αἰσχρόν
1077 732 1134 786 τῷ
1152 731 1228 771 τοῦ
1258 729 1464 782 σαρκικοῦ
1496 729 1570 770 καί

67 800 357 858 ’φαινομένου
395 795 564 847 πάθους
597 797 805 855 αἰσχίστῳ
852 798 1189 853 θεατρικιότερον
1235 798 1406 838 τουτονί
1435 797 1568 851 δημο-

37 872 83 909 10
95 868 252 925 σιευθῇ
280 863 437 921 τρόπον
457 881 468 893 ·
497 864 570 907 καί
601 863 622 906 ὅ
648 866 786 906 θέλων
816 866 861 906 ἐκ
891 867 970 906 τοῦ
997 868 1214 917 τυραννεῖν
1245 862 1318 918 τὴν
1346 863 1569 916 εὐσέβειαν

94 934 354 992 δοξασθῆναι
388 927 471 988 ἤδη
500 930 573 973 καὶ
601 931 688 973 κατ’
722 930 829 973 αὕτό
857 946 902 985 γε
933 927 977 972 τὸ
1006 933 1077 986 τῆς
1108 930 1338 979 πολυθεΐας
1368 928 1568 983 α’τόπημα

92 1001 244 1056 ’σαφῶς
273 995 570 1053 ἑξελήλεγκταί
591 1013 634 1039 τε
668 999 741 1039 καί
775 998 1082 1052 ἐστηλίτευται.
1115 995 1187 1038 καί
1216 996 1362 1051 διόπερ
1399 994 1570 1051 ὁμοφύ-

48 1101 51 1105 .
94 1070 183 1115 λοις
214 1059 310 1108 οὖσι
339 1069 427 1113 τοῖς
455 1062 694 1113 θιασώταις
725 1062 904 1119 α’ρεστός
943 1080 985 1107 τε
1013 1065 1216 1119 ἐνομίσθη
1247 1065 1321 1105 καί
1348 1064 1431 1105 τῶν
1459 1060 1569 1115 ὑπὲρ

95 1133 219 1187 α’ξίαν
265 1128 381 1183 ἄξιος
410 1134 573 1187 γερῶν,
623 1133 748 1175 totto
780 1137 865 1181 τοῖς
897 1131 1132 1187 α’λλοτρίοις
1162 1146 1205 1173 τε
1234 1135 1307 1172 καί
1332 1128 1570 1184 βαρβάροις

39 1211 82 1250 15
95 1203 198 1259 οιῖδὲ
227 1203 358 1256 μέχρι
385 1202 514 1255 ψιλῆς
543 1199 672 1254 α’κοῆς
704 1198 878 1243 α’νεκτόν
923 1200 1142 1256 ἐνομίσθη.
1208 1201 1248 1242 εἰ
1276 1198 1358 1254 γὰρ
1388 1197 1494 1252 πρός
1522 1210 1569 1251 γε
1585 1220 1660 1254 1⁰

95 1276 183 1319 τοῖς
211 1267 356 1319 ἄλλοις
381 1268 528 1310 αὐτῶν
566 1267 812 1322 α’τοπήμασι
845 1270 915 1310 καὶ
939 1266 1012 1323 τὴν
1041 1266 1241 1322 ἔνσαρκον
1273 1267 1501 1308 ἀθετοῦσιν
1530 1261 1729 1306 clf-120¹·-

92 1336 306 1392 βάρβαροι
338 1337 462 1378 θείαν
493 1334 746 1389 οἰκονομίαν,
778 1337 872 1377 ἄλλ’
895 1336 967 1378 ἕνα
997 1336 1080 1376 τῶν
1107 1350 1274 1376 παντων
1304 1329 1412 1374 εἶναι
1441 1346 1568 1384 ποιη-

94 1402 174 1465 viv
208 1402 281 1446 καί
306 1402 409 1446 θεὸν
448 1403 541 1445 οὐδ’
582 1403 708 1444 αὐτοί
750 1417 795 1457 γε
839 1403 1080 1457 α’ρνοῦνται.
1154 1402 1247 1444 ἀλλ’
1287 1399 1306 1442 ὃ
1346 1400 1567 1452 Παλαμᾶς

98 1466 172 1514 καὶ
200 1471 460 1528 ἀμφοτέροις
490 1472 739 1525 ξενηλασίαν
786 1467 1005 1521 α’πότομόν
1030 1484 1073 1512 τε
1115 1468 1187 1511 καί
1210 1469 1328 1521 μα’λα
1361 1470 1571 1520 θρασεῖαν

40 1538 440 1594 2οκατεψηφίσατο,
473 1539 546 1579 καί
577 1537 671 1579 οἵαν
700 1536 843 1585 οὐδείς
872 1536 964 1578 οὐδ’
1003 1536 1146 1578 αὐτῶν
1174 1533 1344 1583 ὁπόσοις
1375 1532 1576 1584 διώκταις

98 1604 205 1648 κατά
236 1608 309 1660 τῆς
336 1605 555 1659 εὐσεβείας
585 1602 682 1654 τούς
713 1605 810 1659 πρίν
834 1605 991 1653 αἰῶνας
1021 1604 1330 1645 συνεπεπτώκει
1359 1604 1574 1656 γενέσθαι·

99 1669 196 1715 οὔτε
227 1671 306 1727 γὰρ
349 1675 524 1728 θεότητι
552 1672 771 1727 λατρεύειν
810 1671 963 1727 α’φίησι
992 1671 1308 1728 τρισυποστάτῳ
1342 1671 1448 1726 μιᾷ,
1475 1668 1575 1711 οὖδὲ

99 1738 169 1783 τὸν
197 1740 475 1795 σαρκωθέντα
515 1739 636 1794 λόγον
669 1737 766 1782 υἱόν
796 1735 904 1781 εἶναι
936 1740 1046 1792 λέγει
1075 1738 1206 1788 θεοῦ,
1238 1736 1329 1778 ἀλλ’
1373 1733 1574 1778 ἆνούσιον

98 1809 178 1862 μέν
205 1823 301 1850 τινα
341 1808 415 1849 καί
443 1804 710 1863 α’νὺπαρκτον
750 1807 992 1862 ἐνέργειαν,
1024 1803 1129 1861 πρὸς
1172 1806 1208 1847 δ’
1238 1802 1458 1853 α’κτίστους
1487 1819 1576 1857 μυ·-

102 2030 234 2073 hiberi,
259 2033 299 2063 ιιι
321 2028 436 2063 maior
461 2028 632 2064 evaderet
658 2037 775 2072 poena
809 2026 988 2072 simulque
1013 2026 1268 2061 sodometicum
1298 2030 1334 2060 et
1370 2034 1580 2060 arrenoma..

103 2080 187 2115 niae
212 2076 373 2112 dolorem
399 2081 548 2111 naturae
573 2080 844 2121 repugnantem.
893 2076 1033 2117 nescio,
1060 2080 1175 2108 utrum
1201 2073 1274 2107 tale
1301 2074 1385 2119 quid
1410 2073 1454 2107 ad
1469 2073 1578 2108 Chri..

104 2127 239 2163 stianos
267 2130 390 2169 captos
418 2123 620 2158 illudendos
656 2124 777 2157 facero
811 2122 974 2166 soleant,
1009 2133 1052 2156 an
1088 2121 1311 2156 tribuendum
1351 2122 1397 2155 sit
1431 2121 1578 2154 divinae

104 2182 363 2220 supremaeque
389 2172 561 2214 iustitiae,
597 2172 657 2217 qui
685 2172 799 2205 virum
824 2170 946 2213 illum,
982 2170 1218 2214 improbitatis
1245 2168 1439 2214 grassantis
1476 2169 1578 2213 quasi

105 2223 230 2258 ducem
253 2219 483 2255 barbarorum
509 2219 671 2254 manibus
696 2219 859 2260 tradidit,
898 2229 944 2251 ne
978 2217 1109 2252 lateret
1146 2227 1222 2259 eos,
1250 2218 1310 2261 qui
1336 2226 1454 2250 rerum
1478 2216 1578 2250 divi-

103 2279 228 2305 narum
259 2273 341 2303 sunt
364 2268 606 2311 imperitiores
634 2267 693 2302 vel
720 2266 999 2307 inem-maiores,
1038 2265 1354 2310 flagitiosissimum
1383 2264 1459 2297 eius
1485 2273 1579 2297 con-

105 2317 238 2353 silium.
298 2317 350 2350 sic
388 2315 590 2360 superbiam
631 2315 743 2360 pellat
767 2314 960 2359 superbia,
1000 2318 1035 2347 et
1060 2312 1230 2358 flagitium
1258 2313 1370 2356 ipsius
1399 2313 1578 2356 pravitate

104 2370 236 2400 tectum
260 2363 614 2409 magnificentissimo
650 2363 764 2396 hocce
790 2363 893 2395 modo
924 2360 1130 2406 apparebat.
1193 2370 1341 2403 eamque
1368 2359 1412 2393 ob
1438 2370 1579 2393 causam

104 2419 226 2458 gratus
254 2417 329 2446 erat
352 2416 594 2456 acceptusque
620 2411 664 2445 iis
690 2411 750 2455 qui
772 2410 928 2444 eiusdem
957 2414 1057 2443 erant
1084 2407 1200 2453 gentis
1221 2408 1443 2452 eundemque
1476 2407 1580 2441 cole..

104 2461 190 2496 bant
215 2460 320 2494 deum
347 2463 383 2493 et
406 2458 500 2492 ultra
536 2459 744 2504 dignitatem
776 2464 851 2492 erat
876 2458 1023 2502 dignus;
1063 2456 1131 2489 hoc
1168 2456 1324 2489 externis
1361 2461 1395 2488 et
1420 2455 1580 2488 barbaris

106 2509 194 2543 adeo
220 2508 375 2542 invisum
402 2511 469 2549 est,
495 2512 536 2540 ut
564 2516 610 2540 ne
641 2506 773 2540 leniter
800 2506 940 2550 quidem
978 2504 1122 2538 auribus
1152 2504 1341 2548 percipere
1372 2502 1497 2536 velint.
1549 2502 1580 2535 si

104 2558 199 2591 inter
224 2555 313 2589 alias
342 2564 400 2588 res
429 2554 596 2588 absurdas
623 2554 767 2588 barbari
797 2554 901 2587 etiam
942 2553 1097 2586 divinam
1132 2551 1389 2585 incarnationis
1417 2559 1581 2583 oecono-

105 2603 210 2639 miam
237 2607 431 2647 spernunt,
455 2607 572 2636 tamen
598 2612 644 2636 ne
678 2602 746 2646 ipsi
782 2601 924 2646 quidem
953 2600 1198 2634 universitatis
1238 2608 1354 2632 rerum
1383 2603 1582 2631 creatorem

106 2657 213 2697 atque
238 2651 342 2684 deum
372 2659 453 2683 esse
476 2655 623 2695 negant.
683 2650 745 2683 sed
782 2648 941 2683 Palamas
980 2648 1121 2692 utrique
1157 2656 1319 2680 severam
1359 2645 1581 2679 exactionem

109 2705 145 2734 et
170 2697 436 2739 audacissimam
463 2697 626 2732 decrevit
653 2703 688 2732 et
714 2696 796 2732 talis
815 2696 994 2740 prioribus
1014 2691 1232 2739 temporibus
1249 2693 1439 2738 religionis
1469 2703 1585 2726 vexa..

110 2753 167 2782 tor
192 2745 314 2781 nullus
343 2744 422 2778 fuit.
473 2755 592 2790 neque
620 2746 713 2779 enim
743 2745 804 2778 uni
829 2744 964 2777 numini
1003 2743 1142 2778 servire
1167 2741 1246 2776 vult
1273 2752 1291 2775 e
1317 2741 1430 2775 tribus
1456 2749 1586 2784 perso-

108 2795 166 2830 nis
195 2793 371 2829 constanti
418 2797 599 2839 negatque
636 2793 747 2840 logon
793 2792 1011 2827 incarnatum
1048 2790 1157 2826 filium
1193 2800 1273 2826 esse
1306 2789 1383 2832 dei3
1418 2788 1479 2823 sed
1513 2787 1586 2823 vim
