<?xml version="1.0" encoding="UTF-8"?>
<!DOCTYPE html PUBLIC "-//W3C//DTD XHTML 1.0 Transitional//EN"
    "http://www.w3.org/TR/xhtml1/DTD/xhtml1-transitional.dtd">
<html xmlns="http://www.w3.org/1999/xhtml" xml:lang="en" lang="en">
 <head>
  <title>
</title>
<meta http-equiv="Content-Type" content="text/html;charset=utf-8" />
  <meta name='ocr-system' content='tesseract 3.04.00' />
  <meta name='ocr-capabilities' content='ocr_page ocr_carea ocr_par ocr_line ocrx_word'/>
</head>
<body>
  <div class='ocr_page' id='page_1' title='image "./corpusscriptorum40niebuoft_0368.png"; bbox 0 0 1852 3138; ppageno 0'>
   <div class='ocr_carea' id='block_1_1' title="bbox 266 110 1305 195">
    <p class='ocr_par' dir='ltr' id='par_1_1' title="bbox 266 110 1305 195">
     <span class='ocr_line' id='line_1_1' title="bbox 266 110 1305 195; baseline -0.008 -1"><span class='ocrx_word' id='word_1_1' title='bbox 266 144 366 195; x_wconf 81' lang='lat'><strong>356</strong></span> <span class='ocrx_word' id='word_1_2' title='bbox 665 110 963 193; x_wconf 62' lang='lat' dir='ltr'><strong>mnemon!</strong></span> <span class='ocrx_word' id='word_1_3' title='bbox 999 142 1305 188; x_wconf 72' lang='lat' dir='ltr'>GREGORAE</span> 
     </span>
    </p>
   </div>
   <div class='ocr_carea' id='block_1_2' title="bbox 100 244 1841 1781">
    <p class='ocr_par' dir='ltr' id='par_1_2' title="bbox 100 244 1841 1781">
     <span class='ocr_line' id='line_1_2' title="bbox 268 244 1723 311; baseline -0.009 -10"><span class='ocrx_word' id='word_1_4' title='bbox 268 273 351 300; x_wconf 82' lang='grc' dir='ltr'><strong>νων</strong></span> <span class='ocrx_word' id='word_1_5' title='bbox 378 257 462 307; x_wconf 73' lang='grc' dir='ltr'><strong>τῶν</strong></span> <span class='ocrx_word' id='word_1_6' title='bbox 492 254 568 311; x_wconf 80' lang='grc' dir='ltr'><strong>τὴν</strong></span> <span class='ocrx_word' id='word_1_7' title='bbox 600 253 812 311; x_wconf 83' lang='grc' dir='ltr'><strong><em>διαφορὰν</em></strong></span> <span class='ocrx_word' id='word_1_8' title='bbox 847 250 1030 306; x_wconf 75' lang='grc' dir='ltr'><strong><em>ἐχόντων</em></strong></span> <span class='ocrx_word' id='word_1_9' title='bbox 1060 251 1165 307; x_wconf 84' lang='grc' dir='ltr'><strong><em>πρὸς</em></strong></span> <span class='ocrx_word' id='word_1_10' title='bbox 1196 244 1379 305; x_wconf 71' lang='grc' dir='ltr'><strong><em>ἄλληλας</em></strong></span> <span class='ocrx_word' id='word_1_11' title='bbox 1427 248 1530 307; x_wconf 76' lang='grc' dir='ltr'><strong><em>ὁρᾷς</em></strong></span> <span class='ocrx_word' id='word_1_12' title='bbox 1560 246 1723 297; x_wconf 67' lang='grc' dir='ltr'><strong><em>αἱς-οὐκ</em></strong></span> 
     </span>
     <span class='ocr_line' id='line_1_3' title="bbox 268 313 1721 379; baseline -0.008 -13"><span class='ocrx_word' id='word_1_13' title='bbox 268 322 526 379; x_wconf 75' lang='grc' dir='ltr'><strong><em>ἅπαγορεόει</em></strong></span> <span class='ocrx_word' id='word_1_14' title='bbox 551 318 751 376; x_wconf 76' lang='grc' dir='ltr'><em>Ἰωάννης</em></span> <span class='ocrx_word' id='word_1_15' title='bbox 782 319 802 360; x_wconf 84' lang='grc' dir='ltr'>ὁ</span> <span class='ocrx_word' id='word_1_16' title='bbox 825 322 938 367; x_wconf 81' lang='grc' dir='ltr'><strong><em>θεῖος</em></strong></span> <span class='ocrx_word' id='word_1_17' title='bbox 961 316 1006 360; x_wconf 73' lang='grc' dir='ltr'><strong>ἐκ</strong></span> <span class='ocrx_word' id='word_1_18' title='bbox 1034 319 1274 371; x_wconf 83' lang='grc' dir='ltr'><strong><em>Δαμασκοῦ</em></strong></span> <span class='ocrx_word' id='word_1_19' title='bbox 1304 315 1392 358; x_wconf 72' lang='grc' dir='ltr'><strong><em>οὐδ’</em></strong></span> <span class='ocrx_word' id='word_1_20' title='bbox 1413 317 1504 358; x_wconf 79' lang='grc' dir='ltr'><strong><em>ἐκεῖ</em></strong></span> <span class='ocrx_word' id='word_1_21' title='bbox 1523 315 1614 358; x_wconf 80' lang='grc' dir='ltr'><strong><em>κατ’</em></strong></span> <span class='ocrx_word' id='word_1_22' title='bbox 1643 313 1721 356; x_wconf 68' lang='grc' dir='ltr'><strong>οὔ-</strong></span> 
     </span>
     <span class='ocr_line' id='line_1_4' title="bbox 267 375 1722 444; baseline -0.008 -11"><span class='ocrx_word' id='word_1_23' title='bbox 267 390 340 433; x_wconf 78' lang='grc' dir='ltr'><strong><em>δὲν</em></strong></span> <span class='ocrx_word' id='word_1_24' title='bbox 367 387 414 432; x_wconf 82' lang='grc' dir='ltr'><strong>τό</strong></span> <span class='ocrx_word' id='word_1_25' title='bbox 445 387 648 444; x_wconf 79' lang='grc' dir='ltr'><strong><em>παράπαν</em></strong></span> <span class='ocrx_word' id='word_1_26' title='bbox 688 385 717 429; x_wconf 70' lang='grc' dir='ltr'><em>ὃ</em></span> <span class='ocrx_word' id='word_1_27' title='bbox 765 389 838 428; x_wconf 82' lang='grc' dir='ltr'><strong>νῦν</strong></span> <span class='ocrx_word' id='word_1_28' title='bbox 866 383 937 427; x_wconf 73' lang='grc' dir='ltr'><strong><em>ἐπὶ</em></strong></span> <span class='ocrx_word' id='word_1_29' title='bbox 958 376 1089 427; x_wconf 47' lang='grc' dir='ltr'><strong><em>’τοῦδε</em></strong></span> <span class='ocrx_word' id='word_1_30' title='bbox 1119 384 1387 435; x_wconf 78' lang='grc' dir='ltr'><strong><em>συντι’θεται,·</em></strong></span> <span class='ocrx_word' id='word_1_31' title='bbox 1429 377 1456 437; x_wconf 79' lang='grc' dir='ltr'><strong><em>ἦ</em></strong></span> <span class='ocrx_word' id='word_1_32' title='bbox 1481 381 1560 437; x_wconf 75' lang='grc' dir='ltr'><strong>γὰρ</strong></span> <span class='ocrx_word' id='word_1_33' title='bbox 1591 375 1644 423; x_wconf 65' lang='grc' dir='ltr'><strong><em>ἂν</em></strong></span> <span class='ocrx_word' id='word_1_34' title='bbox 1671 375 1722 436; x_wconf 79' lang='grc' dir='ltr'><strong><em>ἦν</em></strong></span> 
     </span>
     <span class='ocr_line' id='line_1_5' title="bbox 269 446 1722 512; baseline -0.006 -15"><span class='ocrx_word' id='word_1_35' title='bbox 269 455 398 506; x_wconf 79' lang='grc' dir='ltr'><strong><em>αὐτὸς</em></strong></span> <span class='ocrx_word' id='word_1_36' title='bbox 426 452 563 512; x_wconf 77' lang='grc' dir='ltr'><strong><em>ἑαυτῷ</em></strong></span> <span class='ocrx_word' id='word_1_37' title='bbox 593 451 848 507; x_wconf 77' lang='grc' dir='ltr'><strong><em>μαχόμενος.</em></strong></span> <span class='ocrx_word' id='word_1_38' title='bbox 905 449 1010 493; x_wconf 72' lang='grc' dir='ltr'><strong>ἀλλὰ</strong></span> <span class='ocrx_word' id='word_1_39' title='bbox 1044 456 1128 500; x_wconf 86' lang='grc' dir='ltr'><strong><em>τοῖς</em></strong></span> <span class='ocrx_word' id='word_1_40' title='bbox 1151 448 1194 491; x_wconf 80' lang='grc' dir='ltr'><strong>ἐκ</strong></span> <span class='ocrx_word' id='word_1_41' title='bbox 1223 455 1307 491; x_wconf 71' lang='grc' dir='ltr'><strong>τῶν</strong></span> <span class='ocrx_word' id='word_1_42' title='bbox 1336 446 1535 491; x_wconf 74' lang='grc' dir='ltr'><strong><em>τοιούτων</em></strong></span> <span class='ocrx_word' id='word_1_43' title='bbox 1563 448 1722 505; x_wconf 80' lang='grc' dir='ltr'><strong><em>διαφο-</em></strong></span> 
     </span>
     <span class='ocr_line' id='line_1_6' title="bbox 268 515 1755 577; baseline -0.005 -13"><span class='ocrx_word' id='word_1_44' title='bbox 268 524 354 577; x_wconf 69' lang='grc' dir='ltr'><strong><em>ραῖν</em></strong></span> <span class='ocrx_word' id='word_1_45' title='bbox 395 523 641 575; x_wconf 78' lang='grc' dir='ltr'><strong><em>συγκεῖσθαι</em></strong></span> <span class='ocrx_word' id='word_1_46' title='bbox 686 518 758 574; x_wconf 76' lang='grc' dir='ltr'><strong>τὴν</strong></span> <span class='ocrx_word' id='word_1_47' title='bbox 805 521 928 560; x_wconf 78' lang='grc' dir='ltr'><strong><em>θειάν</em></strong></span> <span class='ocrx_word' id='word_1_48' title='bbox 963 517 1200 573; x_wconf 77' lang='grc' dir='ltr'><strong><em>φάσκουσιν</em></strong></span> <span class='ocrx_word' id='word_1_49' title='bbox 1226 515 1386 572; x_wconf 61' lang='grc' dir='ltr'><strong><em>ξοῦσιάν</em></strong></span> <span class='ocrx_word' id='word_1_50' title='bbox 1421 518 1614 573; x_wconf 77' lang='grc' dir='ltr'><strong><em>ἐπιτιμᾷ,</em></strong></span> <span class='ocrx_word' id='word_1_51' title='bbox 1654 516 1755 557; x_wconf 76' lang='grc' dir='ltr'><strong>καίὂ</strong></span> 
     </span>
     <span class='ocr_line' id='line_1_7' title="bbox 269 580 1724 642; baseline -0.005 -12"><span class='ocrx_word' id='word_1_52' title='bbox 269 587 479 642; x_wconf 81' lang='grc' dir='ltr'><strong><em>α’νασοβεῖ</em></strong></span> <span class='ocrx_word' id='word_1_53' title='bbox 499 588 558 641; x_wconf 85' lang='grc' dir='ltr'><strong>μὴ</strong></span> <span class='ocrx_word' id='word_1_54' title='bbox 587 587 719 641; x_wconf 81' lang='grc' dir='ltr'><strong><em>λέγειν</em></strong></span> <span class='ocrx_word' id='word_1_55' title='bbox 746 584 969 634; x_wconf 73' lang='grc' dir='ltr'><strong><em>ουόιαὶὃεις</em></strong></span> <span class='ocrx_word' id='word_1_56' title='bbox 990 582 1202 640; x_wconf 80' lang='grc' dir='ltr'><strong><em>διαφοράς</em></strong></span> <span class='ocrx_word' id='word_1_57' title='bbox 1223 585 1294 625; x_wconf 82' lang='grc' dir='ltr'><strong>ὲπί</strong></span> <span class='ocrx_word' id='word_1_58' title='bbox 1319 584 1451 636; x_wconf 78' lang='grc' dir='ltr'><em>θεοῦ,-</em></span> <span class='ocrx_word' id='word_1_59' title='bbox 1471 582 1520 626; x_wconf 79' lang='grc' dir='ltr'><strong>αἳ</strong></span> <span class='ocrx_word' id='word_1_60' title='bbox 1539 580 1616 637; x_wconf 74' lang='grc' dir='ltr'><strong>τὴν</strong></span> <span class='ocrx_word' id='word_1_61' title='bbox 1644 581 1724 623; x_wconf 83' lang='grc' dir='ltr'><strong><em>ου’-</em></strong></span> 
     </span>
     <span class='ocr_line' id='line_1_8' title="bbox 270 647 1724 707; baseline -0.005 -11"><span class='ocrx_word' id='word_1_62' title='bbox 270 655 366 696; x_wconf 89' lang='grc' dir='ltr'><strong><em>σιάν</em></strong></span> <span class='ocrx_word' id='word_1_63' title='bbox 393 655 636 696; x_wconf 73' lang='grc' dir='ltr'><strong><em>συντιθέναι</em></strong></span> <span class='ocrx_word' id='word_1_64' title='bbox 667 654 856 707; x_wconf 77' lang='grc' dir='ltr'><strong><em>λέγονται</em></strong></span> <span class='ocrx_word' id='word_1_65' title='bbox 886 647 942 700; x_wconf 73' lang='grc' dir='ltr'><strong>ὥς</strong></span> <span class='ocrx_word' id='word_1_66' title='bbox 969 652 1035 707; x_wconf 80' lang='grc' dir='ltr'><strong>ἐφ’</strong></span> <span class='ocrx_word' id='word_1_67' title='bbox 1065 650 1192 705; x_wconf 81' lang='grc' dir='ltr'><strong><em>ἡμῖν,</em></strong></span> <span class='ocrx_word' id='word_1_68' title='bbox 1221 651 1311 691; x_wconf 66' lang='grc' dir='ltr'><strong>ἀλλ’</strong></span> <span class='ocrx_word' id='word_1_69' title='bbox 1335 647 1384 691; x_wconf 79' lang='grc' dir='ltr'><strong>αἲ</strong></span> <span class='ocrx_word' id='word_1_70' title='bbox 1408 650 1724 690; x_wconf 76' lang='grc' dir='ltr'><strong><em>διαστέλλουσιν</em></strong></span> 
     </span>
     <span class='ocr_line' id='line_1_9' title="bbox 271 709 1724 772; baseline -0.007 -8"><span class='ocrx_word' id='word_1_71' title='bbox 271 723 317 764; x_wconf 76' lang='grc' dir='ltr'><strong>ἐκ</strong></span> <span class='ocrx_word' id='word_1_72' title='bbox 345 723 429 763; x_wconf 76' lang='grc' dir='ltr'><strong>τῶν</strong></span> <span class='ocrx_word' id='word_1_73' title='bbox 476 721 652 762; x_wconf 79' lang='grc' dir='ltr'><strong><em>κτιστοὸν</em></strong></span> <span class='ocrx_word' id='word_1_74' title='bbox 684 718 867 761; x_wconf 75' lang='grc' dir='ltr'><strong><em>ου’σιῶν·</em></strong></span> <span class='ocrx_word' id='word_1_75' title='bbox 937 716 982 759; x_wconf 83' lang='grc' dir='ltr'><strong>τό</strong></span> <span class='ocrx_word' id='word_1_76' title='bbox 1022 717 1103 772; x_wconf 79' lang='grc' dir='ltr'><strong>γὰρ</strong></span> <span class='ocrx_word' id='word_1_77' title='bbox 1137 719 1208 771; x_wconf 72' lang='grc' dir='ltr'><strong>τῆς</strong></span> <span class='ocrx_word' id='word_1_78' title='bbox 1248 717 1369 765; x_wconf 79' lang='grc' dir='ltr'><strong><em>θειάς</em></strong></span> <span class='ocrx_word' id='word_1_79' title='bbox 1396 715 1541 763; x_wconf 76' lang='grc' dir='ltr'><strong><em>ου’σιάς</em></strong></span> <span class='ocrx_word' id='word_1_80' title='bbox 1571 709 1724 757; x_wconf 56' lang='lat' dir='ltr'><strong>imatos·</strong></span> 
     </span>
     <span class='ocr_line' id='line_1_10' title="bbox 100 781 1724 841; baseline -0.006 -9"><span class='ocrx_word' id='word_1_81' title='bbox 100 804 206 841; x_wconf 76' lang='lat'><strong>1,168</strong></span> <span class='ocrx_word' id='word_1_82' title='bbox 220 815 256 840; x_wconf 72' lang='lat' dir='ltr'><strong>v,</strong></span> <span class='ocrx_word' id='word_1_83' title='bbox 271 786 510 831; x_wconf 80' lang='grc' dir='ltr'><strong><em>παντάπασι</em></strong></span> <span class='ocrx_word' id='word_1_84' title='bbox 552 787 624 828; x_wconf 79' lang='grc' dir='ltr'><strong><em>κατ’</em></strong></span> <span class='ocrx_word' id='word_1_85' title='bbox 653 785 815 828; x_wconf 77' lang='grc' dir='ltr'><strong><em>ἁπλοῦν</em></strong></span> <span class='ocrx_word' id='word_1_86' title='bbox 843 782 979 840; x_wconf 77' lang='grc' dir='ltr'><strong><em>πάσης</em></strong></span> <span class='ocrx_word' id='word_1_87' title='bbox 1007 786 1088 840; x_wconf 58' lang='grc' dir='ltr'><strong><em>’,καί</em></strong></span> <span class='ocrx_word' id='word_1_88' title='bbox 1116 786 1315 833; x_wconf 74' lang='grc' dir='ltr'><strong><em>παντοίας</em></strong></span> <span class='ocrx_word' id='word_1_89' title='bbox 1347 783 1481 840; x_wconf 77' lang='grc' dir='ltr'><strong><em>πάντῃ</em></strong></span> <span class='ocrx_word' id='word_1_90' title='bbox 1513 781 1724 838; x_wconf 78' lang='grc' dir='ltr'><strong><em>διαφορᾶς</em></strong></span> 
     </span>
     <span class='ocr_line' id='line_1_11' title="bbox 179 845 1780 908; baseline -0.004 -11"><span class='ocrx_word' id='word_1_91' title='bbox 179 874 251 908; x_wconf 66' lang='lat'><strong>12</strong></span> <span class='ocrx_word' id='word_1_92' title='bbox 270 854 550 897; x_wconf 72' lang='grc' dir='ltr'><strong><em>ἀνεπίδεκτον.</em></strong></span> <span class='ocrx_word' id='word_1_93' title='bbox 610 853 634 908; x_wconf 82' lang='grc' dir='ltr'><em>ἦ</em></span> <span class='ocrx_word' id='word_1_94' title='bbox 668 853 749 908; x_wconf 73' lang='grc' dir='ltr'><strong>γάρ</strong></span> <span class='ocrx_word' id='word_1_95' title='bbox 784 849 971 908; x_wconf 71' lang='grc' dir='ltr'><strong><em>διαφορὰ</em></strong></span> <span class='ocrx_word' id='word_1_96' title='bbox 1010 853 1200 907; x_wconf 77' lang='grc' dir='ltr'><strong><em>φυσικῶς</em></strong></span> <span class='ocrx_word' id='word_1_97' title='bbox 1230 847 1432 905; x_wconf 71' lang='grc' dir='ltr'><strong><em>ἑπομένην</em></strong></span> <span class='ocrx_word' id='word_1_98' title='bbox 1460 848 1620 904; x_wconf 79' lang='grc' dir='ltr'><strong><em>ἔχουσα</em></strong></span> <span class='ocrx_word' id='word_1_99' title='bbox 1648 845 1723 902; x_wconf 75' lang='grc' dir='ltr'><strong>τήν</strong></span> <span class='ocrx_word' id='word_1_100' title='bbox 1737 853 1780 890; x_wconf 88' lang='grc'><strong>10</strong></span> 
     </span>
     <span class='ocr_line' id='line_1_12' title="bbox 266 904 1841 978; baseline -0.006 -13"><span class='ocrx_word' id='word_1_101' title='bbox 266 919 510 978; x_wconf 76' lang='grc' dir='ltr'><strong><em>ἑτερότητα,</em></strong></span> <span class='ocrx_word' id='word_1_102' title='bbox 539 918 822 976; x_wconf 80' lang='grc' dir='ltr'><strong><em>πληθυντικόν</em></strong></span> <span class='ocrx_word' id='word_1_103' title='bbox 851 917 984 968; x_wconf 74' lang='grc' dir='ltr'><strong><em>εἰθύς</em></strong></span> <span class='ocrx_word' id='word_1_104' title='bbox 1011 918 1197 971; x_wconf 76' lang='grc' dir='ltr'><strong><em>ἀριθμὸν</em></strong></span> <span class='ocrx_word' id='word_1_105' title='bbox 1226 914 1488 971; x_wconf 75' lang='grc' dir='ltr'><strong><em>συνεισάγει·</em></strong></span> <span class='ocrx_word' id='word_1_106' title='bbox 1549 911 1655 957; x_wconf 82' lang='grc' dir='ltr'><strong><em>ὅπου</em></strong></span> <span class='ocrx_word' id='word_1_107' title='bbox 1685 915 1723 955; x_wconf 85' lang='grc' dir='ltr'><strong>δ”</strong></span> <span class='ocrx_word' id='word_1_108' title='bbox 1829 904 1841 914; x_wconf 87' lang='lat'><strong>-.</strong></span> 
     </span>
     <span class='ocr_line' id='line_1_13' title="bbox 267 979 1720 1045; baseline -0.005 -14"><span class='ocrx_word' id='word_1_109' title='bbox 267 988 453 1045; x_wconf 77' lang='grc' dir='ltr'><strong><em>ἀριθμός</em></strong></span> <span class='ocrx_word' id='word_1_110' title='bbox 472 988 547 1030; x_wconf 81' lang='grc' dir='ltr'>καί</span> <span class='ocrx_word' id='word_1_111' title='bbox 564 988 739 1042; x_wconf 74' lang='grc' dir='ltr'><strong><em>πλῆθος,</em></strong></span> <span class='ocrx_word' id='word_1_112' title='bbox 767 983 951 1041; x_wconf 75' lang='grc' dir='ltr'><strong><em>ἁπλότης</em></strong></span> <span class='ocrx_word' id='word_1_113' title='bbox 979 982 1086 1027; x_wconf 83' lang='grc' dir='ltr'><strong><em>εἶναι</em></strong></span> <span class='ocrx_word' id='word_1_114' title='bbox 1109 985 1162 1026; x_wconf 85' lang='grc' dir='ltr'><strong>ου’</strong></span> <span class='ocrx_word' id='word_1_115' title='bbox 1188 990 1474 1039; x_wconf 79' lang='grc' dir='ltr'><strong><em>συγχωρεῖται</em></strong></span> <span class='ocrx_word' id='word_1_116' title='bbox 1500 979 1720 1037; x_wconf 77' lang='grc' dir='ltr'><strong><em>μοναδικὴ.</em></strong></span> 
     </span>
     <span class='ocr_line' id='line_1_14' title="bbox 265 1047 1721 1111; baseline -0.005 -13"><span class='ocrx_word' id='word_1_117' title='bbox 265 1055 460 1111; x_wconf 76' lang='grc' dir='ltr'><strong><em>καθάπερ</em></strong></span> <span class='ocrx_word' id='word_1_118' title='bbox 492 1054 574 1109; x_wconf 68' lang='lat' dir='ltr'><strong>{nal</strong></span> <span class='ocrx_word' id='word_1_119' title='bbox 611 1053 632 1096; x_wconf 83' lang='grc' dir='ltr'>ὅ</span> <span class='ocrx_word' id='word_1_120' title='bbox 672 1056 788 1103; x_wconf 80' lang='grc' dir='ltr'><strong><em>θεῖος</em></strong></span> <span class='ocrx_word' id='word_1_121' title='bbox 818 1051 1020 1105; x_wconf 78' lang='grc' dir='ltr'><strong><em>Μάξιμος</em></strong></span> <span class='ocrx_word' id='word_1_122' title='bbox 1051 1051 1206 1106; x_wconf 74' lang='grc' dir='ltr'><strong><em>ἀμερές</em></strong></span> <span class='ocrx_word' id='word_1_123' title='bbox 1237 1067 1340 1108; x_wconf 90' lang='grc' dir='ltr'><strong><em>φησι</em></strong></span> <span class='ocrx_word' id='word_1_124' title='bbox 1383 1049 1430 1093; x_wconf 88' lang='grc' dir='ltr'><strong>τὸ</strong></span> <span class='ocrx_word' id='word_1_125' title='bbox 1474 1053 1590 1092; x_wconf 81' lang='grc' dir='ltr'><strong><em>θεῖον</em></strong></span> <span class='ocrx_word' id='word_1_126' title='bbox 1615 1047 1721 1092; x_wconf 83' lang='grc' dir='ltr'><strong><em>διότι</em></strong></span> 
     </span>
     <span class='ocr_line' id='line_1_15' title="bbox 267 1111 1722 1175; baseline -0.005 -11"><span class='ocrx_word' id='word_1_127' title='bbox 267 1125 340 1165; x_wconf 80' lang='grc' dir='ltr'>καί</span> <span class='ocrx_word' id='word_1_128' title='bbox 365 1117 537 1165; x_wconf 74' lang='grc' dir='ltr'><strong><em>ἇποσον.</em></strong></span> <span class='ocrx_word' id='word_1_129' title='bbox 584 1122 658 1164; x_wconf 85' lang='grc' dir='ltr'><strong><em>καί</em></strong></span> <span class='ocrx_word' id='word_1_130' title='bbox 683 1118 806 1162; x_wconf 80' lang='grc' dir='ltr'><strong><em>πάλιν</em></strong></span> <span class='ocrx_word' id='word_1_131' title='bbox 835 1116 948 1162; x_wconf 80' lang='grc' dir='ltr'><strong><em>πᾶσά</em></strong></span> <span class='ocrx_word' id='word_1_132' title='bbox 979 1135 1085 1175; x_wconf 91' lang='grc' dir='ltr'><strong><em>φησι</em></strong></span> <span class='ocrx_word' id='word_1_133' title='bbox 1124 1116 1312 1175; x_wconf 77' lang='grc' dir='ltr'><strong><em>διαφορά</em></strong></span> <span class='ocrx_word' id='word_1_134' title='bbox 1349 1119 1419 1171; x_wconf 74' lang='grc' dir='ltr'><strong>τῆς</strong></span> <span class='ocrx_word' id='word_1_135' title='bbox 1447 1111 1587 1159; x_wconf 69' lang='grc' dir='ltr'><strong><em>ἄλλων</em></strong></span> <span class='ocrx_word' id='word_1_136' title='bbox 1616 1113 1722 1170; x_wconf 84' lang='grc' dir='ltr'><strong><em>πρός</em></strong></span> 
     </span>
     <span class='ocr_line' id='line_1_16' title="bbox 268 1179 1779 1240; baseline -0.003 -9"><span class='ocrx_word' id='word_1_137' title='bbox 268 1183 376 1231; x_wconf 72' lang='grc' dir='ltr'><strong><em>ἄλλα</em></strong></span> <span class='ocrx_word' id='word_1_138' title='bbox 406 1189 513 1232; x_wconf 76' lang='grc' dir='ltr'><strong><em>κατά</em></strong></span> <span class='ocrx_word' id='word_1_139' title='bbox 544 1188 618 1231; x_wconf 88' lang='grc' dir='ltr'><strong>τὸν</strong></span> <span class='ocrx_word' id='word_1_140' title='bbox 649 1188 721 1230; x_wconf 78' lang='grc' dir='ltr'><strong>τοῦ</strong></span> <span class='ocrx_word' id='word_1_141' title='bbox 752 1190 838 1238; x_wconf 75' lang='grc' dir='ltr'><strong><em>πῶς</em></strong></span> <span class='ocrx_word' id='word_1_142' title='bbox 865 1181 973 1228; x_wconf 83' lang='grc' dir='ltr'><strong><em>εἶναι</em></strong></span> <span class='ocrx_word' id='word_1_143' title='bbox 993 1186 1113 1239; x_wconf 78' lang='grc' dir='ltr'><strong><em>λόγον</em></strong></span> <span class='ocrx_word' id='word_1_144' title='bbox 1140 1182 1434 1240; x_wconf 75' lang='grc' dir='ltr'><strong><em>ἀνομοιότητός</em></strong></span> <span class='ocrx_word' id='word_1_145' title='bbox 1461 1199 1503 1226; x_wconf 89' lang='grc' dir='ltr'><strong>τε</strong></span> <span class='ocrx_word' id='word_1_146' title='bbox 1531 1183 1604 1226; x_wconf 74' lang='grc' dir='ltr'><strong>καὶ</strong></span> <span class='ocrx_word' id='word_1_147' title='bbox 1632 1179 1723 1225; x_wconf 70' lang='grc' dir='ltr'><strong><em>ἓτε-</em></strong></span> <span class='ocrx_word' id='word_1_148' title='bbox 1737 1192 1779 1228; x_wconf 88' lang='lat'><strong>15</strong></span> 
     </span>
     <span class='ocr_line' id='line_1_17' title="bbox 268 1247 1723 1311; baseline -0.005 -13"><span class='ocrx_word' id='word_1_149' title='bbox 268 1255 440 1311; x_wconf 86' lang='grc' dir='ltr'><strong><em>ρότητος</em></strong></span> <span class='ocrx_word' id='word_1_150' title='bbox 469 1251 576 1298; x_wconf 73' lang='grc' dir='ltr'><strong><em>οὖσα</em></strong></span> <span class='ocrx_word' id='word_1_151' title='bbox 608 1255 830 1310; x_wconf 81' lang='grc' dir='ltr'><strong><em>δηλωτική,</em></strong></span> <span class='ocrx_word' id='word_1_152' title='bbox 862 1252 908 1296; x_wconf 85' lang='grc' dir='ltr'><strong>τό</strong></span> <span class='ocrx_word' id='word_1_153' title='bbox 942 1250 1069 1295; x_wconf 82' lang='grc' dir='ltr'><strong><em>ποσὸν</em></strong></span> <span class='ocrx_word' id='word_1_154' title='bbox 1095 1255 1179 1294; x_wconf 73' lang='grc' dir='ltr'><strong>τῶν</strong></span> <span class='ocrx_word' id='word_1_155' title='bbox 1203 1248 1491 1307; x_wconf 82' lang='grc' dir='ltr'><strong><em>διαφερόντων</em></strong></span> <span class='ocrx_word' id='word_1_156' title='bbox 1520 1247 1723 1306; x_wconf 78' lang='grc' dir='ltr'><strong><em>πραγμά-</em></strong></span> 
     </span>
     <span class='ocr_line' id='line_1_18' title="bbox 231 1316 1724 1377; baseline -0.005 -11"><span class='ocrx_word' id='word_1_157' title='bbox 231 1345 235 1347; x_wconf 54' lang='lat'>&gt;</span> <span class='ocrx_word' id='word_1_158' title='bbox 267 1338 350 1366; x_wconf 84' lang='grc' dir='ltr'><strong>των</strong></span> <span class='ocrx_word' id='word_1_159' title='bbox 377 1323 637 1377; x_wconf 78' lang='grc' dir='ltr'><strong><em>συνεισάγειν</em></strong></span> <span class='ocrx_word' id='word_1_160' title='bbox 674 1319 805 1377; x_wconf 73' lang='grc' dir='ltr'><strong><em>ἑαυτῇ</em></strong></span> <span class='ocrx_word' id='word_1_161' title='bbox 836 1324 1047 1377; x_wconf 81' lang='grc' dir='ltr'><strong><em>πέφυκεν,</em></strong></span> <span class='ocrx_word' id='word_1_162' title='bbox 1077 1317 1151 1361; x_wconf 83' lang='grc' dir='ltr'><strong><em>εἴτ’</em></strong></span> <span class='ocrx_word' id='word_1_163' title='bbox 1187 1318 1342 1360; x_wconf 78' lang='grc' dir='ltr'><strong><em>ου’σιῶν</em></strong></span> <span class='ocrx_word' id='word_1_164' title='bbox 1379 1316 1464 1360; x_wconf 87' lang='grc' dir='ltr'><strong><em>εἴτε</em></strong></span> <span class='ocrx_word' id='word_1_165' title='bbox 1491 1316 1724 1371; x_wconf 72' lang='grc' dir='ltr'><strong><em>ποιοτήτων</em></strong></span> 
     </span>
     <span class='ocr_line' id='line_1_19' title="bbox 266 1382 1722 1444; baseline -0.007 -10"><span class='ocrx_word' id='word_1_166' title='bbox 266 1387 340 1434; x_wconf 81' lang='grc' dir='ltr'><strong><em>εἴτ’</em></strong></span> <span class='ocrx_word' id='word_1_167' title='bbox 369 1387 619 1444; x_wconf 77' lang='grc' dir='ltr'><strong><em>ι’διοτήτων·</em></strong></span> <span class='ocrx_word' id='word_1_168' title='bbox 691 1389 740 1430; x_wconf 81' lang='grc' dir='ltr'><strong>τὰ</strong></span> <span class='ocrx_word' id='word_1_169' title='bbox 771 1390 849 1441; x_wconf 83' lang='grc' dir='ltr'><strong><em>μὲν</em></strong></span> <span class='ocrx_word' id='word_1_170' title='bbox 876 1385 957 1442; x_wconf 80' lang='grc' dir='ltr'><strong>γὰρ</strong></span> <span class='ocrx_word' id='word_1_171' title='bbox 999 1384 1058 1441; x_wconf 70' lang='grc' dir='ltr'><strong>μή</strong></span> <span class='ocrx_word' id='word_1_172' title='bbox 1090 1385 1286 1440; x_wconf 72' lang='grc' dir='ltr'><strong><em>ἀλλήλοις</em></strong></span> <span class='ocrx_word' id='word_1_173' title='bbox 1324 1382 1455 1442; x_wconf 77' lang='grc' dir='ltr'><strong><em>πάντῃ</em></strong></span> <span class='ocrx_word' id='word_1_174' title='bbox 1485 1382 1617 1429; x_wconf 69' lang='grc' dir='ltr'><strong><em>ταύτὰ</em></strong></span> <span class='ocrx_word' id='word_1_175' title='bbox 1651 1384 1722 1425; x_wconf 77' lang='grc' dir='ltr'><strong><em>ἕνα</em></strong></span> 
     </span>
     <span class='ocr_line' id='line_1_20' title="bbox 268 1450 1724 1506; baseline -0.004 -7"><span class='ocrx_word' id='word_1_176' title='bbox 268 1455 341 1499; x_wconf 83' lang='grc' dir='ltr'><strong><em>καί</em></strong></span> <span class='ocrx_word' id='word_1_177' title='bbox 369 1454 438 1498; x_wconf 84' lang='grc' dir='ltr'><strong>τόν</strong></span> <span class='ocrx_word' id='word_1_178' title='bbox 479 1454 612 1498; x_wconf 66' lang='grc' dir='ltr'><strong><em>αὐτόν</em></strong></span> <span class='ocrx_word' id='word_1_179' title='bbox 659 1456 730 1498; x_wconf 78' lang='grc' dir='ltr'><strong>τοῦ</strong></span> <span class='ocrx_word' id='word_1_180' title='bbox 774 1450 881 1497; x_wconf 81' lang='grc' dir='ltr'><strong><em>εἶναι</em></strong></span> <span class='ocrx_word' id='word_1_181' title='bbox 909 1453 1108 1506; x_wconf 65' lang='grc' dir='ltr'><strong><em>ου’δαμαῗς</em></strong></span> <span class='ocrx_word' id='word_1_182' title='bbox 1149 1453 1390 1505; x_wconf 79' lang='grc' dir='ltr'><strong><em>ἐπιδέχεται</em></strong></span> <span class='ocrx_word' id='word_1_183' title='bbox 1417 1452 1560 1504; x_wconf 78' lang='grc' dir='ltr'><strong><em>λόγον,</em></strong></span> <span class='ocrx_word' id='word_1_184' title='bbox 1590 1450 1642 1492; x_wconf 75' lang='grc' dir='ltr'><strong>τά</strong></span> <span class='ocrx_word' id='word_1_185' title='bbox 1678 1452 1724 1493; x_wconf 78' lang='grc' dir='ltr'><strong>δὲ</strong></span> 
     </span>
     <span class='ocr_line' id='line_1_21' title="bbox 269 1512 1781 1580; baseline -0.005 -15"><span class='ocrx_word' id='word_1_186' title='bbox 269 1522 403 1580; x_wconf 78' lang='grc' dir='ltr'><strong><em>πάντῃ</em></strong></span> <span class='ocrx_word' id='word_1_187' title='bbox 436 1519 631 1577; x_wconf 78' lang='grc' dir='ltr'><strong><em>α’λλήλοις</em></strong></span> <span class='ocrx_word' id='word_1_188' title='bbox 660 1519 792 1565; x_wconf 77' lang='grc' dir='ltr'><strong>ταῦτά</strong></span> <span class='ocrx_word' id='word_1_189' title='bbox 826 1512 1039 1576; x_wconf 79' lang='grc' dir='ltr'><strong><em>διαφορᾶς</em></strong></span> <span class='ocrx_word' id='word_1_190' title='bbox 1067 1519 1328 1561; x_wconf 75' lang='grc' dir='ltr'><strong><em>α’νεπίδεκτα.</em></strong></span> <span class='ocrx_word' id='word_1_191' title='bbox 1366 1517 1437 1559; x_wconf 85' lang='grc' dir='ltr'><em>καί</em></span> <span class='ocrx_word' id='word_1_192' title='bbox 1454 1517 1533 1572; x_wconf 80' lang='grc' dir='ltr'><strong>γὰρ</strong></span> <span class='ocrx_word' id='word_1_193' title='bbox 1564 1513 1781 1559; x_wconf 78' lang='grc' dir='ltr'><strong><em>ἆπλοῦν20</em></strong></span> 
     </span>
     <span class='ocr_line' id='line_1_22' title="bbox 269 1581 1724 1645; baseline -0.004 -14"><span class='ocrx_word' id='word_1_194' title='bbox 269 1589 551 1645; x_wconf 72' lang='grc' dir='ltr'><strong><em>ὡμολογηκώς</em></strong></span> <span class='ocrx_word' id='word_1_195' title='bbox 591 1588 797 1645; x_wconf 87' lang='grc' dir='ltr'><strong><em>πρότερον</em></strong></span> <span class='ocrx_word' id='word_1_196' title='bbox 837 1585 946 1631; x_wconf 80' lang='grc' dir='ltr'><strong><em>εἶναι</em></strong></span> <span class='ocrx_word' id='word_1_197' title='bbox 986 1585 1032 1629; x_wconf 82' lang='grc' dir='ltr'><strong>τό</strong></span> <span class='ocrx_word' id='word_1_198' title='bbox 1063 1590 1192 1638; x_wconf 80' lang='grc' dir='ltr'><strong><em>θεῖον,</em></strong></span> <span class='ocrx_word' id='word_1_199' title='bbox 1221 1581 1309 1628; x_wconf 83' lang='grc' dir='ltr'><strong><em>εἶτα</em></strong></span> <span class='ocrx_word' id='word_1_200' title='bbox 1351 1585 1398 1628; x_wconf 86' lang='grc' dir='ltr'><strong>τὸ</strong></span> <span class='ocrx_word' id='word_1_201' title='bbox 1433 1585 1563 1642; x_wconf 80' lang='grc' dir='ltr'><strong><em>πάντῃ</em></strong></span> <span class='ocrx_word' id='word_1_202' title='bbox 1595 1585 1724 1641; x_wconf 77' lang='grc' dir='ltr'><strong><em>φησίν</em></strong></span> 
     </span>
     <span class='ocr_line' id='line_1_23' title="bbox 271 1649 1724 1713; baseline -0.004 -15"><span class='ocrx_word' id='word_1_203' title='bbox 271 1656 431 1698; x_wconf 76' lang='grc' dir='ltr'><strong><em>ἁπλοῦν</em></strong></span> <span class='ocrx_word' id='word_1_204' title='bbox 459 1658 672 1713; x_wconf 82' lang='grc' dir='ltr'><strong><em>διαφορᾶς</em></strong></span> <span class='ocrx_word' id='word_1_205' title='bbox 697 1652 806 1699; x_wconf 82' lang='grc' dir='ltr'><strong><em>εἶναι</em></strong></span> <span class='ocrx_word' id='word_1_206' title='bbox 837 1655 1123 1698; x_wconf 69' lang='grc' dir='ltr'><strong><em>ἀνεπίδεκτον·</em></strong></span> <span class='ocrx_word' id='word_1_207' title='bbox 1183 1650 1289 1695; x_wconf 83' lang='grc' dir='ltr'><strong><em>διότι</em></strong></span> <span class='ocrx_word' id='word_1_208' title='bbox 1317 1651 1390 1695; x_wconf 87' lang='grc' dir='ltr'>καί</span> <span class='ocrx_word' id='word_1_209' title='bbox 1415 1649 1545 1709; x_wconf 76' lang='grc' dir='ltr'><strong><em>πάντῃ</em></strong></span> <span class='ocrx_word' id='word_1_210' title='bbox 1572 1649 1724 1694; x_wconf 71' lang='grc' dir='ltr'><strong><em>ταύτὸν</em></strong></span> 
     </span>
     <span class='ocr_line' id='line_1_24' title="bbox 268 1714 1726 1781; baseline -0.004 -15"><span class='ocrx_word' id='word_1_211' title='bbox 268 1719 407 1781; x_wconf 73' lang='grc' dir='ltr'><strong><em>ἑαυτῷ</em></strong></span> <span class='ocrx_word' id='word_1_212' title='bbox 432 1723 505 1766; x_wconf 76' lang='grc' dir='ltr'><strong><em>κατ’</em></strong></span> <span class='ocrx_word' id='word_1_213' title='bbox 529 1722 761 1778; x_wconf 82' lang='grc' dir='ltr'><strong><em>μοναδικόν</em></strong></span> <span class='ocrx_word' id='word_1_214' title='bbox 793 1724 866 1764; x_wconf 78' lang='grc' dir='ltr'><strong>καί</strong></span> <span class='ocrx_word' id='word_1_215' title='bbox 894 1716 989 1763; x_wconf 79' lang='grc' dir='ltr'><strong><em>ὅλον</em></strong></span> <span class='ocrx_word' id='word_1_216' title='bbox 1013 1716 1120 1771; x_wconf 78' lang='grc' dir='ltr'><strong><em>ὅλως</em></strong></span> <span class='ocrx_word' id='word_1_217' title='bbox 1150 1714 1357 1777; x_wconf 77' lang='grc' dir='ltr'><strong><em>ἄσχετον,</em></strong></span> <span class='ocrx_word' id='word_1_218' title='bbox 1385 1719 1443 1770; x_wconf 73' lang='grc' dir='ltr'><strong>ὥς</strong></span> <span class='ocrx_word' id='word_1_219' title='bbox 1470 1718 1515 1762; x_wconf 86' lang='grc' dir='ltr'><strong>τὸ</strong></span> <span class='ocrx_word' id='word_1_220' title='bbox 1548 1719 1593 1761; x_wconf 79' lang='grc' dir='ltr'><strong><em>ἐν</em></strong></span> <span class='ocrx_word' id='word_1_221' title='bbox 1612 1719 1726 1776; x_wconf 70' lang='grc' dir='ltr'><strong><em>ποσῷ</em></strong></span> 
     </span>
    </p>
   </div>
   <div class='ocr_carea' id='block_1_3' title="bbox 270 1966 1729 2775">
    <p class='ocr_par' dir='ltr' id='par_1_3' title="bbox 270 1966 1729 2775">
     <span class='ocr_line' id='line_1_25' title="bbox 270 1966 1729 2012; baseline -0.005 -5"><span class='ocrx_word' id='word_1_222' title='bbox 270 1974 364 2008; x_wconf 85' lang='lat' dir='ltr'><strong>inter</strong></span> <span class='ocrx_word' id='word_1_223' title='bbox 392 1983 431 2007; x_wconf 86' lang='lat' dir='ltr'><strong>se</strong></span> <span class='ocrx_word' id='word_1_224' title='bbox 456 1970 615 2005; x_wconf 82' lang='lat' dir='ltr'><strong>habent?</strong></span> <span class='ocrx_word' id='word_1_225' title='bbox 663 1970 777 2012; x_wconf 86' lang='lat' dir='ltr'><strong>vides,</strong></span> <span class='ocrx_word' id='word_1_226' title='bbox 803 1975 842 2004; x_wconf 91' lang='lat' dir='ltr'><strong>ut</strong></span> <span class='ocrx_word' id='word_1_227' title='bbox 865 1970 908 2004; x_wconf 89' lang='lat' dir='ltr'><strong>D.</strong></span> <span class='ocrx_word' id='word_1_228' title='bbox 934 1969 1085 2004; x_wconf 87' lang='lat' dir='ltr'><strong>Ioannes</strong></span> <span class='ocrx_word' id='word_1_229' title='bbox 1110 1968 1347 2003; x_wconf 88' lang='lat' dir='ltr'><strong>Damascenus</strong></span> <span class='ocrx_word' id='word_1_230' title='bbox 1372 1966 1617 2011; x_wconf 81' lang='lat' dir='ltr'><strong>nequicquam</strong></span> <span class='ocrx_word' id='word_1_231' title='bbox 1641 1966 1729 2012; x_wconf 83' lang='lat' dir='ltr'><strong>qui.‘</strong></span> 
     </span>
     <span class='ocr_line' id='line_1_26' title="bbox 271 2014 1722 2062; baseline -0.005 -8"><span class='ocrx_word' id='word_1_232' title='bbox 271 2023 350 2056; x_wconf 91' lang='lat' dir='ltr'><strong>dem</strong></span> <span class='ocrx_word' id='word_1_233' title='bbox 377 2019 558 2053; x_wconf 77' lang='lat' dir='ltr'><strong>contendit</strong></span> <span class='ocrx_word' id='word_1_234' title='bbox 584 2029 704 2052; x_wconf 86' lang='lat' dir='ltr'><strong>eorum</strong></span> <span class='ocrx_word' id='word_1_235' title='bbox 731 2028 821 2062; x_wconf 84' lang='lat' dir='ltr'><strong>quae</strong></span> <span class='ocrx_word' id='word_1_236' title='bbox 841 2028 934 2051; x_wconf 90' lang='lat' dir='ltr'><strong>nunc</strong></span> <span class='ocrx_word' id='word_1_237' title='bbox 960 2017 996 2050; x_wconf 90' lang='lat' dir='ltr'><strong>in</strong></span> <span class='ocrx_word' id='word_1_238' title='bbox 1033 2027 1109 2050; x_wconf 91' lang='lat' dir='ltr'><strong>eum</strong></span> <span class='ocrx_word' id='word_1_239' title='bbox 1138 2016 1380 2050; x_wconf 83' lang='lat' dir='ltr'><strong>conferuntur.</strong></span> <span class='ocrx_word' id='word_1_240' title='bbox 1436 2014 1603 2058; x_wconf 77' lang='lat' dir='ltr'><strong>profecto</strong></span> <span class='ocrx_word' id='word_1_241' title='bbox 1631 2015 1722 2048; x_wconf 88' lang='lat' dir='ltr'><strong>enim</strong></span> 
     </span>
     <span class='ocr_line' id='line_1_27' title="bbox 271 2061 1722 2112; baseline -0.006 -11"><span class='ocrx_word' id='word_1_242' title='bbox 271 2069 350 2112; x_wconf 87' lang='lat' dir='ltr'><strong>ipse</strong></span> <span class='ocrx_word' id='word_1_243' title='bbox 379 2077 496 2101; x_wconf 91' lang='lat' dir='ltr'><strong>secum</strong></span> <span class='ocrx_word' id='word_1_244' title='bbox 523 2070 718 2110; x_wconf 82' lang='lat' dir='ltr'><strong>pugnaret3</strong></span> <span class='ocrx_word' id='word_1_245' title='bbox 754 2065 815 2098; x_wconf 87' lang='lat' dir='ltr'><strong>sed</strong></span> <span class='ocrx_word' id='word_1_246' title='bbox 841 2065 884 2097; x_wconf 86' lang='lat' dir='ltr'><strong>iis</strong></span> <span class='ocrx_word' id='word_1_247' title='bbox 910 2065 969 2109; x_wconf 88' lang='lat' dir='ltr'><strong>qui</strong></span> <span class='ocrx_word' id='word_1_248' title='bbox 995 2063 1125 2097; x_wconf 89' lang='lat' dir='ltr'><strong>talibus</strong></span> <span class='ocrx_word' id='word_1_249' title='bbox 1150 2062 1379 2097; x_wconf 83' lang='lat' dir='ltr'><strong>varietatibus</strong></span> <span class='ocrx_word' id='word_1_250' title='bbox 1414 2061 1587 2094; x_wconf 75' lang='lat' dir='ltr'>contineri</span> <span class='ocrx_word' id='word_1_251' title='bbox 1625 2062 1722 2095; x_wconf 80' lang='lat' dir='ltr'><strong>divi-</strong></span> 
     </span>
     <span class='ocr_line' id='line_1_28' title="bbox 271 2108 1721 2155; baseline -0.006 -7"><span class='ocrx_word' id='word_1_252' title='bbox 271 2125 350 2149; x_wconf 85' lang='lat' dir='ltr'><strong>nam</strong></span> <span class='ocrx_word' id='word_1_253' title='bbox 378 2114 565 2147; x_wconf 82' lang='lat' dir='ltr'><strong>essentiam</strong></span> <span class='ocrx_word' id='word_1_254' title='bbox 593 2113 714 2146; x_wconf 89' lang='lat' dir='ltr'><strong>dicunt</strong></span> <span class='ocrx_word' id='word_1_255' title='bbox 746 2112 870 2145; x_wconf 89' lang='lat' dir='ltr'><strong>obiicit</strong></span> <span class='ocrx_word' id='word_1_256' title='bbox 905 2117 940 2144; x_wconf 89' lang='lat' dir='ltr'><strong>et</strong></span> <span class='ocrx_word' id='word_1_257' title='bbox 964 2116 1157 2155; x_wconf 77' lang='lat' dir='ltr'><strong>repugnat,</strong></span> <span class='ocrx_word' id='word_1_258' title='bbox 1183 2121 1229 2143; x_wconf 89' lang='lat' dir='ltr'><strong>ne</strong></span> <span class='ocrx_word' id='word_1_259' title='bbox 1258 2108 1469 2142; x_wconf 83' lang='lat' dir='ltr'><strong>essentiales</strong></span> <span class='ocrx_word' id='word_1_260' title='bbox 1495 2108 1531 2141; x_wconf 92' lang='lat' dir='ltr'><strong>in</strong></span> <span class='ocrx_word' id='word_1_261' title='bbox 1557 2108 1624 2142; x_wconf 87' lang='lat' dir='ltr'><strong>deo</strong></span> <span class='ocrx_word' id='word_1_262' title='bbox 1654 2118 1721 2142; x_wconf 75' lang='lat' dir='ltr'><strong>va..</strong></span> 
     </span>
     <span class='ocr_line' id='line_1_29' title="bbox 273 2155 1721 2203; baseline -0.006 -7"><span class='ocrx_word' id='word_1_263' title='bbox 273 2163 420 2196; x_wconf 84' lang='lat' dir='ltr'><strong>rietates</strong></span> <span class='ocrx_word' id='word_1_264' title='bbox 447 2171 525 2194; x_wconf 89' lang='lat' dir='ltr'><strong>esse</strong></span> <span class='ocrx_word' id='word_1_265' title='bbox 551 2160 691 2200; x_wconf 88' lang='lat' dir='ltr'><strong>dicant,</strong></span> <span class='ocrx_word' id='word_1_266' title='bbox 722 2170 812 2203; x_wconf 88' lang='lat' dir='ltr'><strong>quae</strong></span> <span class='ocrx_word' id='word_1_267' title='bbox 840 2159 1027 2193; x_wconf 83' lang='lat' dir='ltr'><strong>essentiam</strong></span> <span class='ocrx_word' id='word_1_268' title='bbox 1056 2159 1238 2198; x_wconf 79' lang='lat' dir='ltr'><strong>efficiant,</strong></span> <span class='ocrx_word' id='word_1_269' title='bbox 1265 2162 1303 2190; x_wconf 93' lang='lat' dir='ltr'><strong>ut</strong></span> <span class='ocrx_word' id='word_1_270' title='bbox 1328 2157 1363 2189; x_wconf 90' lang='lat' dir='ltr'><strong>in</strong></span> <span class='ocrx_word' id='word_1_271' title='bbox 1388 2155 1517 2197; x_wconf 92' lang='lat' dir='ltr'><strong>nobis,</strong></span> <span class='ocrx_word' id='word_1_272' title='bbox 1544 2155 1606 2189; x_wconf 88' lang='lat' dir='ltr'><strong>sed</strong></span> <span class='ocrx_word' id='word_1_273' title='bbox 1629 2165 1721 2200; x_wconf 91' lang='lat' dir='ltr'><strong>quae</strong></span> 
     </span>
     <span class='ocr_line' id='line_1_30' title="bbox 274 2202 1720 2251; baseline -0.004 -10"><span class='ocrx_word' id='word_1_274' title='bbox 274 2219 294 2242; x_wconf 91' lang='lat' dir='ltr'><strong>a</strong></span> <span class='ocrx_word' id='word_1_275' title='bbox 319 2208 447 2242; x_wconf 83' lang='lat' dir='ltr'><strong>creatis</strong></span> <span class='ocrx_word' id='word_1_276' title='bbox 473 2208 637 2240; x_wconf 84' lang='lat' dir='ltr'><strong>essentiis</strong></span> <span class='ocrx_word' id='word_1_277' title='bbox 666 2207 894 2251; x_wconf 84' lang='lat' dir='ltr'><strong>distinguant.</strong></span> <span class='ocrx_word' id='word_1_278' title='bbox 955 2206 1075 2239; x_wconf 88' lang='lat' dir='ltr'><strong>divina</strong></span> <span class='ocrx_word' id='word_1_279' title='bbox 1102 2205 1193 2238; x_wconf 88' lang='lat' dir='ltr'><strong>enim</strong></span> <span class='ocrx_word' id='word_1_280' title='bbox 1220 2204 1386 2245; x_wconf 80' lang='lat' dir='ltr'><strong>essentia,</strong></span> <span class='ocrx_word' id='word_1_281' title='bbox 1415 2213 1483 2236; x_wconf 88' lang='lat' dir='ltr'><strong>una</strong></span> <span class='ocrx_word' id='word_1_282' title='bbox 1499 2208 1534 2235; x_wconf 90' lang='lat' dir='ltr'><strong>et</strong></span> <span class='ocrx_word' id='word_1_283' title='bbox 1557 2202 1720 2246; x_wconf 83' lang='lat' dir='ltr'><strong>simplex,</strong></span> 
     </span>
     <span class='ocr_line' id='line_1_31' title="bbox 274 2250 1721 2295; baseline -0.005 -6"><span class='ocrx_word' id='word_1_284' title='bbox 274 2256 386 2289; x_wconf 89' lang='lat' dir='ltr'><strong>omnis</strong></span> <span class='ocrx_word' id='word_1_285' title='bbox 414 2260 449 2288; x_wconf 89' lang='lat' dir='ltr'><strong>et</strong></span> <span class='ocrx_word' id='word_1_286' title='bbox 475 2254 695 2287; x_wconf 80' lang='lat' dir='ltr'><strong>omnimodae</strong></span> <span class='ocrx_word' id='word_1_287' title='bbox 738 2253 922 2287; x_wconf 81' lang='lat' dir='ltr'><strong>varietatis</strong></span> <span class='ocrx_word' id='word_1_288' title='bbox 955 2253 1180 2295; x_wconf 79' lang='lat' dir='ltr'><strong>imparticeps</strong></span> <span class='ocrx_word' id='word_1_289' title='bbox 1215 2256 1279 2285; x_wconf 86' lang='lat' dir='ltr'><strong>est.</strong></span> <span class='ocrx_word' id='word_1_290' title='bbox 1327 2261 1406 2283; x_wconf 91' lang='lat' dir='ltr'><strong>nam</strong></span> <span class='ocrx_word' id='word_1_291' title='bbox 1441 2250 1594 2283; x_wconf 73' lang='lat' dir='ltr'><strong>varietas</strong></span> <span class='ocrx_word' id='word_1_292' title='bbox 1630 2260 1721 2294; x_wconf 87' lang='lat' dir='ltr'><strong>quae</strong></span> 
     </span>
     <span class='ocr_line' id='line_1_32' title="bbox 274 2296 1720 2343; baseline -0.006 -6"><span class='ocrx_word' id='word_1_293' title='bbox 274 2302 594 2337; x_wconf 85' lang='lat' dir='ltr'><strong>dissimilitudinem</strong></span> <span class='ocrx_word' id='word_1_294' title='bbox 622 2301 728 2335; x_wconf 84' lang='lat' dir='ltr'><strong>habet</strong></span> <span class='ocrx_word' id='word_1_295' title='bbox 752 2307 876 2334; x_wconf 85' lang='lat' dir='ltr'><strong>natura</strong></span> <span class='ocrx_word' id='word_1_296' title='bbox 905 2301 1043 2341; x_wconf 85' lang='lat' dir='ltr'><strong>factam,</strong></span> <span class='ocrx_word' id='word_1_297' title='bbox 1069 2298 1241 2343; x_wconf 83' lang='lat' dir='ltr'><strong>pluralem</strong></span> <span class='ocrx_word' id='word_1_298' title='bbox 1256 2299 1370 2332; x_wconf 85' lang='lat' dir='ltr'><strong>statim</strong></span> <span class='ocrx_word' id='word_1_299' title='bbox 1391 2306 1571 2330; x_wconf 86' lang='lat' dir='ltr'><strong>numerum</strong></span> <span class='ocrx_word' id='word_1_300' title='bbox 1598 2296 1720 2330; x_wconf 85' lang='lat' dir='ltr'><strong>invol-</strong></span> 
     </span>
     <span class='ocr_line' id='line_1_33' title="bbox 273 2344 1720 2389; baseline -0.004 -6"><span class='ocrx_word' id='word_1_301' title='bbox 273 2351 337 2384; x_wconf 84' lang='lat' dir='ltr'><strong>vit.</strong></span> <span class='ocrx_word' id='word_1_302' title='bbox 387 2349 447 2383; x_wconf 89' lang='lat' dir='ltr'><strong>ubi</strong></span> <span class='ocrx_word' id='word_1_303' title='bbox 473 2359 637 2382; x_wconf 86' lang='lat' dir='ltr'><strong>numerus</strong></span> <span class='ocrx_word' id='word_1_304' title='bbox 665 2354 700 2382; x_wconf 90' lang='lat' dir='ltr'><strong>et</strong></span> <span class='ocrx_word' id='word_1_305' title='bbox 722 2348 908 2381; x_wconf 88' lang='lat' dir='ltr'><strong>multitudo</strong></span> <span class='ocrx_word' id='word_1_306' title='bbox 925 2352 990 2389; x_wconf 87' lang='lat' dir='ltr'><strong>est,</strong></span> <span class='ocrx_word' id='word_1_307' title='bbox 1017 2347 1144 2379; x_wconf 84' lang='lat' dir='ltr'><strong>unicae</strong></span> <span class='ocrx_word' id='word_1_308' title='bbox 1157 2345 1371 2389; x_wconf 81' lang='lat' dir='ltr'><strong>simplicitati</strong></span> <span class='ocrx_word' id='word_1_309' title='bbox 1388 2344 1487 2378; x_wconf 89' lang='lat' dir='ltr'><strong>locus</strong></span> <span class='ocrx_word' id='word_1_310' title='bbox 1511 2344 1629 2377; x_wconf 89' lang='lat' dir='ltr'><strong>nullus</strong></span> <span class='ocrx_word' id='word_1_311' title='bbox 1655 2349 1720 2377; x_wconf 92' lang='lat' dir='ltr'><strong>est.</strong></span> 
     </span>
     <span class='ocr_line' id='line_1_34' title="bbox 273 2391 1720 2442; baseline -0.005 -12"><span class='ocrx_word' id='word_1_312' title='bbox 273 2396 559 2442; x_wconf 89' lang='lat' dir='ltr'><strong>quemadmodum</strong></span> <span class='ocrx_word' id='word_1_313' title='bbox 587 2397 690 2429; x_wconf 87' lang='lat' dir='ltr'><strong>etiam</strong></span> <span class='ocrx_word' id='word_1_314' title='bbox 722 2396 761 2429; x_wconf 79' lang='lat' dir='ltr'><strong>D.</strong></span> <span class='ocrx_word' id='word_1_315' title='bbox 787 2396 955 2430; x_wconf 85' lang='lat' dir='ltr'><strong>Maximus</strong></span> <span class='ocrx_word' id='word_1_316' title='bbox 984 2394 1195 2437; x_wconf 86' lang='lat' dir='ltr'><strong>impartitum</strong></span> <span class='ocrx_word' id='word_1_317' title='bbox 1229 2393 1330 2425; x_wconf 91' lang='lat' dir='ltr'><strong>deum</strong></span> <span class='ocrx_word' id='word_1_318' title='bbox 1365 2392 1450 2425; x_wconf 87' lang='lat' dir='ltr'><strong>dicit</strong></span> <span class='ocrx_word' id='word_1_319' title='bbox 1476 2397 1511 2424; x_wconf 90' lang='lat' dir='ltr'><strong>et</strong></span> <span class='ocrx_word' id='word_1_320' title='bbox 1536 2391 1720 2425; x_wconf 83' lang='lat' dir='ltr'><strong>infinitum.</strong></span> 
     </span>
     <span class='ocr_line' id='line_1_35' title="bbox 275 2438 1722 2488; baseline -0.005 -11"><span class='ocrx_word' id='word_1_321' title='bbox 275 2449 309 2477; x_wconf 86' lang='lat' dir='ltr'><strong>et</strong></span> <span class='ocrx_word' id='word_1_322' title='bbox 332 2444 442 2478; x_wconf 87' lang='lat' dir='ltr'><strong>alias:</strong></span> <span class='ocrx_word' id='word_1_323' title='bbox 485 2444 597 2476; x_wconf 90' lang='lat' dir='ltr'><strong>omnis</strong></span> <span class='ocrx_word' id='word_1_324' title='bbox 623 2443 777 2477; x_wconf 86' lang='lat' dir='ltr'><strong>varietas</strong></span> <span class='ocrx_word' id='word_1_325' title='bbox 804 2454 894 2488; x_wconf 91' lang='lat' dir='ltr'><strong>quae</strong></span> <span class='ocrx_word' id='word_1_326' title='bbox 928 2452 1044 2475; x_wconf 84' lang='lat' dir='ltr'><strong>rerum</strong></span> <span class='ocrx_word' id='word_1_327' title='bbox 1070 2441 1162 2474; x_wconf 83' lang='lat' dir='ltr'><strong>inter</strong></span> <span class='ocrx_word' id='word_1_328' title='bbox 1186 2451 1225 2474; x_wconf 85' lang='lat' dir='ltr'><strong>se</strong></span> <span class='ocrx_word' id='word_1_329' title='bbox 1252 2439 1522 2482; x_wconf 82' lang='lat' dir='ltr'><strong>discrepantiam</strong></span> <span class='ocrx_word' id='word_1_330' title='bbox 1555 2443 1590 2472; x_wconf 89' lang='lat' dir='ltr'><strong>et</strong></span> <span class='ocrx_word' id='word_1_331' title='bbox 1615 2438 1722 2471; x_wconf 88' lang='lat' dir='ltr'><strong>dissi-</strong></span> 
     </span>
     <span class='ocr_line' id='line_1_36' title="bbox 271 2482 1722 2535; baseline -0.005 -11"><span class='ocrx_word' id='word_1_332' title='bbox 271 2491 505 2525; x_wconf 89' lang='lat' dir='ltr'><strong>militudinem</strong></span> <span class='ocrx_word' id='word_1_333' title='bbox 532 2491 573 2524; x_wconf 84' lang='lat' dir='ltr'><strong>ad</strong></span> <span class='ocrx_word' id='word_1_334' title='bbox 611 2490 791 2535; x_wconf 84' lang='lat' dir='ltr'><strong>qualitatis</strong></span> <span class='ocrx_word' id='word_1_335' title='bbox 816 2491 988 2524; x_wconf 85' lang='lat' dir='ltr'><strong>rationem</strong></span> <span class='ocrx_word' id='word_1_336' title='bbox 1018 2488 1172 2532; x_wconf 84' lang='lat' dir='ltr'><strong>explicat</strong></span> <span class='ocrx_word' id='word_1_337' title='bbox 1205 2487 1431 2530; x_wconf 80' lang='lat' dir='ltr'><strong>quantitatem</strong></span> <span class='ocrx_word' id='word_1_338' title='bbox 1471 2496 1591 2523; x_wconf 81' lang='lat' dir='ltr'><strong>rerum</strong></span> <span class='ocrx_word' id='word_1_339' title='bbox 1613 2482 1722 2519; x_wconf 83' lang='lat' dir='ltr'><strong>dissi-</strong></span> 
     </span>
     <span class='ocr_line' id='line_1_37' title="bbox 270 2533 1721 2580; baseline -0.006 -8"><span class='ocrx_word' id='word_1_340' title='bbox 270 2538 405 2571; x_wconf 91' lang='lat' dir='ltr'><strong>milium</strong></span> <span class='ocrx_word' id='word_1_341' title='bbox 430 2549 549 2572; x_wconf 89' lang='lat' dir='ltr'><strong>secum</strong></span> <span class='ocrx_word' id='word_1_342' title='bbox 576 2538 723 2580; x_wconf 88' lang='lat' dir='ltr'><strong>inducit,</strong></span> <span class='ocrx_word' id='word_1_343' title='bbox 751 2538 827 2571; x_wconf 86' lang='lat' dir='ltr'><strong>sive</strong></span> <span class='ocrx_word' id='word_1_344' title='bbox 855 2537 1085 2571; x_wconf 86' lang='lat' dir='ltr'><strong>essentiarum</strong></span> <span class='ocrx_word' id='word_1_345' title='bbox 1112 2536 1190 2569; x_wconf 84' lang='lat' dir='ltr'><strong>sive</strong></span> <span class='ocrx_word' id='word_1_346' title='bbox 1216 2534 1435 2578; x_wconf 88' lang='lat' dir='ltr'><strong>qualitatum,</strong></span> <span class='ocrx_word' id='word_1_347' title='bbox 1462 2534 1539 2566; x_wconf 87' lang='lat' dir='ltr'><strong>sive</strong></span> <span class='ocrx_word' id='word_1_348' title='bbox 1556 2533 1721 2576; x_wconf 78' lang='lat' dir='ltr'><strong>proprie-</strong></span> 
     </span>
     <span class='ocr_line' id='line_1_38' title="bbox 271 2580 1722 2630; baseline -0.004 -12"><span class='ocrx_word' id='word_1_349' title='bbox 271 2590 391 2619; x_wconf 82' lang='lat' dir='ltr'><strong>tatum.</strong></span> <span class='ocrx_word' id='word_1_350' title='bbox 454 2596 543 2630; x_wconf 86' lang='lat' dir='ltr'><strong>quae</strong></span> <span class='ocrx_word' id='word_1_351' title='bbox 570 2586 660 2619; x_wconf 89' lang='lat' dir='ltr'><strong>enim</strong></span> <span class='ocrx_word' id='word_1_352' title='bbox 685 2595 756 2618; x_wconf 90' lang='lat' dir='ltr'><strong>non</strong></span> <span class='ocrx_word' id='word_1_353' title='bbox 783 2585 924 2618; x_wconf 91' lang='lat' dir='ltr'><strong>omnino</strong></span> <span class='ocrx_word' id='word_1_354' title='bbox 952 2583 1072 2616; x_wconf 90' lang='lat' dir='ltr'><strong>eadem</strong></span> <span class='ocrx_word' id='word_1_355' title='bbox 1098 2582 1190 2615; x_wconf 86' lang='lat' dir='ltr'><strong>inter</strong></span> <span class='ocrx_word' id='word_1_356' title='bbox 1215 2592 1254 2615; x_wconf 87' lang='lat' dir='ltr'><strong>se</strong></span> <span class='ocrx_word' id='word_1_357' title='bbox 1278 2586 1372 2623; x_wconf 90' lang='lat' dir='ltr'><strong>sunt,</strong></span> <span class='ocrx_word' id='word_1_358' title='bbox 1398 2591 1499 2614; x_wconf 91' lang='lat' dir='ltr'><strong>unam</strong></span> <span class='ocrx_word' id='word_1_359' title='bbox 1527 2585 1562 2613; x_wconf 91' lang='lat' dir='ltr'><strong>et</strong></span> <span class='ocrx_word' id='word_1_360' title='bbox 1577 2580 1722 2613; x_wconf 88' lang='lat' dir='ltr'><strong>eandem</strong></span> 
     </span>
     <span class='ocr_line' id='line_1_39' title="bbox 274 2627 1722 2676; baseline -0.005 -11"><span class='ocrx_word' id='word_1_361' title='bbox 274 2633 451 2666; x_wconf 85' lang='lat' dir='ltr'><strong>essentiae</strong></span> <span class='ocrx_word' id='word_1_362' title='bbox 477 2633 649 2666; x_wconf 81' lang='lat' dir='ltr'><strong>rationem</strong></span> <span class='ocrx_word' id='word_1_363' title='bbox 676 2642 747 2665; x_wconf 88' lang='lat' dir='ltr'><strong>non</strong></span> <span class='ocrx_word' id='word_1_364' title='bbox 773 2634 964 2676; x_wconf 88' lang='lat' dir='ltr'><strong>accipiunt,</strong></span> <span class='ocrx_word' id='word_1_365' title='bbox 994 2639 1085 2674; x_wconf 79' lang='lat' dir='ltr'><strong>quae</strong></span> <span class='ocrx_word' id='word_1_366' title='bbox 1111 2638 1198 2663; x_wconf 85' lang='lat' dir='ltr'><strong>vero</strong></span> <span class='ocrx_word' id='word_1_367' title='bbox 1225 2628 1317 2660; x_wconf 85' lang='lat' dir='ltr'><strong>inter</strong></span> <span class='ocrx_word' id='word_1_368' title='bbox 1341 2639 1380 2661; x_wconf 88' lang='lat' dir='ltr'><strong>se</strong></span> <span class='ocrx_word' id='word_1_369' title='bbox 1400 2628 1534 2669; x_wconf 82' lang='lat' dir='ltr'><strong>endem,</strong></span> <span class='ocrx_word' id='word_1_370' title='bbox 1562 2627 1722 2660; x_wconf 82' lang='lat' dir='ltr'><strong>varieta-</strong></span> 
     </span>
     <span class='ocr_line' id='line_1_40' title="bbox 271 2674 1722 2724; baseline -0.005 -11"><span class='ocrx_word' id='word_1_371' title='bbox 271 2680 316 2713; x_wconf 83' lang='lat' dir='ltr'><strong>tis</strong></span> <span class='ocrx_word' id='word_1_372' title='bbox 342 2680 576 2724; x_wconf 82' lang='lat' dir='ltr'><strong>imparticipia</strong></span> <span class='ocrx_word' id='word_1_373' title='bbox 601 2684 693 2714; x_wconf 88' lang='lat' dir='ltr'><strong>sunt.</strong></span> <span class='ocrx_word' id='word_1_374' title='bbox 741 2690 821 2713; x_wconf 88' lang='lat' dir='ltr'><strong>nam</strong></span> <span class='ocrx_word' id='word_1_375' title='bbox 847 2689 951 2724; x_wconf 90' lang='lat' dir='ltr'><strong>quum</strong></span> <span class='ocrx_word' id='word_1_376' title='bbox 978 2676 1128 2720; x_wconf 89' lang='lat' dir='ltr'><strong>simplex</strong></span> <span class='ocrx_word' id='word_1_377' title='bbox 1143 2682 1245 2709; x_wconf 84' lang='lat' dir='ltr'><strong>antea</strong></span> <span class='ocrx_word' id='word_1_378' title='bbox 1271 2675 1359 2708; x_wconf 86' lang='lat' dir='ltr'><strong>dixit</strong></span> <span class='ocrx_word' id='word_1_379' title='bbox 1383 2675 1499 2717; x_wconf 89' lang='lat' dir='ltr'><strong>deum,</strong></span> <span class='ocrx_word' id='word_1_380' title='bbox 1527 2674 1608 2708; x_wconf 90' lang='lat' dir='ltr'><strong>dein</strong></span> <span class='ocrx_word' id='word_1_381' title='bbox 1635 2674 1722 2707; x_wconf 80' lang='lat' dir='ltr'><strong>sim-</strong></span> 
     </span>
     <span class='ocr_line' id='line_1_41' title="bbox 272 2721 1722 2775; baseline -0.005 -14"><span class='ocrx_word' id='word_1_382' title='bbox 272 2726 357 2775; x_wconf 82' lang='lat' dir='ltr'><strong>plex</strong></span> <span class='ocrx_word' id='word_1_383' title='bbox 381 2729 563 2763; x_wconf 81' lang='lat' dir='ltr'><strong>varietatis</strong></span> <span class='ocrx_word' id='word_1_384' title='bbox 587 2737 666 2762; x_wconf 85' lang='lat' dir='ltr'><strong>esse</strong></span> <span class='ocrx_word' id='word_1_385' title='bbox 692 2728 833 2763; x_wconf 85' lang='lat' dir='ltr'><strong>omnino</strong></span> <span class='ocrx_word' id='word_1_386' title='bbox 860 2725 1086 2773; x_wconf 83' lang='lat' dir='ltr'><strong>imparticeps</strong></span> <span class='ocrx_word' id='word_1_387' title='bbox 1111 2724 1210 2758; x_wconf 86' lang='lat' dir='ltr'><strong>dixit.</strong></span> <span class='ocrx_word' id='word_1_388' title='bbox 1259 2722 1341 2757; x_wconf 87' lang='lat' dir='ltr'><strong>ideo</strong></span> <span class='ocrx_word' id='word_1_389' title='bbox 1368 2723 1511 2757; x_wconf 86' lang='lat' dir='ltr'><strong>omnino</strong></span> <span class='ocrx_word' id='word_1_390' title='bbox 1537 2721 1605 2757; x_wconf 84' lang='lat' dir='ltr'><strong>sibi</strong></span> <span class='ocrx_word' id='word_1_391' title='bbox 1629 2721 1722 2757; x_wconf 84' lang='lat' dir='ltr'><strong>idem</strong></span> 
     </span>
    </p>
   </div>
   <div class='ocr_carea' id='block_1_4' title="bbox 1825 0 1852 3138">
    <p class='ocr_par' dir='ltr' id='par_1_4' title="bbox 1825 0 1852 3138">
     <span class='ocr_line' id='line_1_42' title="bbox 1825 0 1852 3138; baseline 0 0"><span class='ocrx_word' id='word_1_392' title='bbox 1825 0 1852 3138; x_wconf 95' lang='lat' dir='ltr'><strong> </strong></span> 
     </span>
    </p>
   </div>
  </div>
 </body>
</html>
