1800 3132
244 174 326 237 x58
661 180 958 226 mci-:mom
1002 176 1308 222 GREGORAE

258 289 336 341 μὲν
365 287 447 343 γὰρ
482 287 541 345 μή
572 288 699 339 καλὸς
739 287 813 344 τὴν
845 287 974 344 φύσιν
1003 284 1067 342 η’ν,
1097 286 1149 329 τοὶ
1182 289 1222 329 δ’
1253 282 1328 329 οὖν
1368 287 1498 330 πλείω
1525 287 1608 330 τόν
1634 302 1712 345 κοι-
1778 289 1785 335 s

260 357 343 396 λῶν
370 358 412 404 ἐς
439 355 679 411 τούμφανὲς
709 354 966 411 ἐπιτηδεύων
997 353 1223 406 ἐλάνθανε,
1263 352 1475 406 θαυμάζω
1504 354 1579 409 τῆς
1596 365 1714 408 “2029-
1774 346 1776 352 ι

257 422 396 475 τερίας
429 421 497 464 τὸν
540 417 781 476 ἄνθρωπον.
828 421 868 462 εἰ
894 421 939 462 δὲ
963 418 1054 462 τότε
1081 421 1160 474 μὲν
1188 421 1371 469 τοιοῦτος
1403 415 1489 468 οἷος
1515 418 1712 476 ἐφαίνετο

256 490 331 542 τὴν
376 489 459 540 ἕξιν
500 491 574 543 τῆς
614 488 780 543 φύσεως
819 481 869 541 ἦν
912 487 1064 539 αὐτός,
1107 483 1132 542 ἧ
1166 487 1211 528 δὲ
1240 488 1311 541 τῆς
1339 483 1470 542 τύχης
1497 484 1709 540 μεταβολή
1754 537 1768 547 .

255 552 385 612 ῥᾷσθ’
415 551 524 597 οὕτω
568 553 642 595 καί
674 551 831 607 ταύτην
858 551 1179 608 μεταβεβλήκει,
1210 551 1324 608 παρὰ
1361 552 1558 595 τοσοῦτον
1587 553 1744 595 ἔπαιε-5

255 626 340 663 νεῖν
370 621 446 662 οὐκ
474 619 559 674 ἔχω
586 619 630 662 τὸ
667 619 832 675 σαθρὸν
862 622 934 674 τῆς
964 620 1158 675 τοιαύτης
1189 619 1340 673 ἕξεως,
1372 620 1473 675 παρ’
1503 615 1599 662 ὅσον
1630 621 1710 673 tp&-

167 703 238 737 82
252 703 341 743 γειν
370 683 445 728 οὐκ
472 685 559 740 ἔχω
598 685 648 728 τοὶ
680 690 789 741 πρίν.
858 687 1036 728 τοιαῦτα
1066 685 1146 742 γάρ
1193 688 1329 728 ἐκεῖνα
1357 682 1426 729 οἷα
1455 686 1538 735 πᾶς
1564 700 1628 735 τις
1657 682 1710 727 οἲν

252 752 441 809 ἠγάπησε
470 754 542 795 καί
571 751 852 807 τεθαύμακεν,
882 750 906 794 ὃ
935 751 983 808 δή
1017 757 1091 796 καί
1119 754 1236 808 ἡμεῖς
1266 752 1550 808 πεποιήκαμεν
1569 769 1614 796 τε
1638 753 1712 797 καὶ

252 822 304 878 τῇ
331 819 527 878 παρούσῃ
560 819 795 875 φιλοτίμως
839 820 1081 873 δεδώκαμεν
1111 819 1302 877 ἱστορίᾳ·
1370 821 1546 862 τοιαῦτα
1578 822 1625 863 δὲ
1654 819 1707 863 τὰ

250 886 357 940 μετὰ
388 885 462 942 τήν
490 887 561 941 τῆς
588 889 807 939 βασιλείας
847 885 1069 941 οῗντίληψιν
1102 882 1169 930 οἷα
1199 889 1280 936 πᾶς
1312 901 1376 935 τις
1414 886 1600 941 εὐσεβῶς
1635 887 1709 942 ζῆν
1722 893 1768 935 10,

249 951 455 1011 ᾑρημένος
483 953 653 1008 μισήσει
685 949 754 995 ἄν.
810 956 897 1011 θεῷ
926 954 972 995 δὲ
1002 953 1164 1002 πάντως
1193 951 1368 1007 μελήσει
1398 952 1498 1008 περὶ
1525 954 1598 1008 τῆς
1626 954 1709 995 oev'-

250 1021 325 1062 τοῦ
352 1021 569 1075 ἐκκλησίας
587 1053 597 1073 ,
637 1014 672 1078 ᾧ
703 1019 755 1061 τοί
786 1035 828 1062 τε
857 1024 929 1075 τῆς
970 1019 1188 1074 εὐσεβείας
1220 1020 1382 1062 α’νεῖται
1411 1019 1711 1076 σκῆπτρα’και“

249 1085 300 1129 τὰ
325 1089 396 1141 τῆς
426 1086 674 1142 ἐκδικήσεως
704 1087 821 1141 μάλα
851 1104 890 1129 τι
920 1086 1047 1145 ῥᾴδια
1077 1085 1292 1143 ἐπεφύκει.
1335 1087 1431 1139 ε’μοὶ
1457 1086 1538 1142 γὰρ
1563 1090 1716 1142 asper-⁵

249 1151 321 1196 τόν
350 1151 459 1196 εἶναι
497 1155 614 1196 δοκεῖ
654 1153 704 1196 τοὶ
749 1156 851 1197 πᾶσι
900 1156 1006 1210 δῆλα
1047 1156 1261 1204 διεξιέναι.
1327 1152 1564 1210 εἴρηταιδ’
1595 1151 1708 1208 ὅμως

249 1219 322 1261 καί
351 1221 449 1275 ἡμῖν
479 1222 522 1262 ἐν
562 1226 645 1270 τοῖς
676 1221 980 1277 α’ντιρρητικοῖς
1019 1216 1095 1262 ὅσα
1126 1222 1224 1274 πρίν
1264 1222 1521 1278 ἐπειλῆφθαι
1567 1221 1707 1275 γέγονε
1724 1226 1766 1264 15

248 1289 319 1344 τῆς
350 1289 569 1342 βασιλείας
599 1285 968 1342 Καντακουζηνόν.
1000 1287 1043 1330 ἐν
1073 1289 1119 1329 δέ
1147 1303 1193 1342 γε
1223 1292 1308 1336 τοῖς
1335 1282 1428 1343 ἑξῆς
1456 1281 1585 1337 αὖθις
1615 1285 1707 1329 ἔνια

247 1356 328 1398 τῶν
356 1356 506 1410 ἑφεξῆς
544 1356 597 1412 τῇ
640 1354 804 1411 ἱστορίᾳ
842 1353 972 1412 ταύτῃ
1014 1356 1282 1410 παρέσχομεν
1321 1353 1377 1403 ὥς
1408 1355 1451 1396 ἐν
1481 1351 1709 1410 διηγήσεως

247 1419 405 1478 τρόπῳ,
439 1422 512 1462 καί
541 1423 593 1463 ου’
620 1420 788 1478 σφόδρα
820 1424 866 1476 γε’
897 1438 938 1464 τι
968 1422 1273 1476 ἀγωνιστικῶς·
1345 1422 1398 1462 ου’
1437 1419 1518 1477 γὰρ
1562 1416 1708 1462 ἇδειαν

249 1490 428 1543 παρεῖχέ
455 1503 527 1541 μοι
554 1487 603 1531 τοὶ
636 1491 732 1531 καθ’
762 1488 874 1544 ἡμᾶς
904 1487 1101 1544 ναυάγια.
1147 1482 1198 1544 ἢν
1230 1490 1276 1531 δὲ
1303 1486 1402 1538 θεὸς
1430 1490 1554 1546 ἐθέλῃ
1583 1488 1710 1540 ζῶσιν

250 1554 350 1609 ἡμῖν
378 1553 446 1597 τὸν
474 1557 547 1610 τῆς
579 1556 753 1611 αἰθρίας
785 1554 1036 1610 ἀναλάμψαι
1074 1554 1223 1612 καιρὸν
1257 1557 1331 1597 καί
1364 1556 1512 1597 δοῦναι
1541 1570 1706 1610 παρρη-
1719 1559 1766 1596 20

246 1622 345 1663 σιάν
374 1625 576 1665 πλατεῖαν
602 1625 652 1681 τῇ
679 1623 858 1681 γλώττῃ,
891 1625 1136 1677 λελείψεταί
1154 1638 1228 1677 μοι
1258 1627 1395 1665 λιπεῖν
1425 1624 1509 1665 τοῖν
1540 1621 1706 1664 πάντων

246 1683 364 1742 οἶμαι
395 1683 579 1746 ἄρρητον
609 1690 744 1733 οὐδέν.
803 1692 880 1732 νῦν
908 1692 943 1732 δ’
975 1688 1058 1745 εἴγε
1085 1689 1259 1744 βούλοιο
1289 1687 1345 1733 σύ
1375 1691 1577 1746 παρέχειν
1605 1688 1707 1745 ἡμῖν

1795 661 1800 698 i,

1073 1803 1094 1824 Q

249 1909 352 1949 pacto
378 1904 447 1938 iste
474 1908 607 1938 tantum
634 1904 803 1949 temporis
829 1903 958 1941 alienis
982 1904 1138 1938 moribus
1160 1904 1311 1947 servire,
1341 1914 1438 1939 suam
1466 1904 1702 1939 autemindo..

249 1953 318 1986 lem
349 1951 468 1985 celare
493 1953 701 1986 sustinuerit
728 1952 764 1985 id
790 1953 883 1996 quod
906 1953 1031 1985 mirum
1058 1956 1223 1996 quantum
1249 1952 1394 1985 arduum
1424 1957 1478 1985 est
1500 1956 1535 1986 et
1558 1952 1702 1986 meher-

249 1998 331 2033 cule
360 2000 422 2032 vix
444 1999 639 2032 ferendum.
691 2000 720 2033 si
747 1999 839 2032 enim
872 2008 1078 2044 quamquam
1107 2000 1184 2042 ipse
1216 1999 1406 2033 inhonesto
1442 2000 1558 2034 animo
1595 2009 1702 2044 prae-

249 2046 353 2088 ditus,
382 2051 498 2079 tamen
525 2056 582 2080 res
613 2046 781 2090 plurimas
807 2046 956 2080 honeste
980 2046 1094 2090 palam
1122 2047 1259 2089 agendo
1286 2046 1446 2080 homines
1472 2046 1703 2089 fefellit,ad-

248 2094 357 2127 miror
384 2095 460 2127 eius
485 2094 807 2137 perseverantinm3
839 2094 893 2127 sin
922 2099 1037 2127 autem
1063 2099 1134 2127 tum
1161 2094 1323 2140 quidem,
1353 2093 1468 2138 qualis
1491 2094 1701 2136 videbatur,

247 2140 329 2174 talis
358 2150 486 2175 revera
511 2146 586 2174 erat
614 2146 649 2174 et
676 2141 839 2175 fortunae
865 2142 1088 2174 commutatio
1120 2143 1223 2176 etiam
1248 2141 1354 2174 animi
1381 2141 1535 2175 indolem
1559 2147 1627 2175 tam
1646 2142 1702 2175 fa-

248 2187 319 2221 cile
345 2189 586 2230 commutavit,
612 2199 724 2234 usque
752 2189 839 2222 adeo
872 2198 943 2221 non
971 2198 1113 2232 possum
1138 2189 1282 2223 laudare
1306 2187 1412 2222 talem
1448 2194 1596 2223 naturae
1633 2190 1701 2222 im..

247 2235 491 2277 becillitatem‚
519 2241 690 2280 quatenus
717 2246 774 2269 res
807 2241 911 2269 antea
945 2241 1165 2280 perpetratas
1191 2238 1395 2278 vituperare
1429 2246 1582 2281 nequeo.
1638 2247 1702 2269 eae

248 2283 340 2316 enim
368 2287 468 2316 erant
497 2284 682 2325 eiusmodi,
711 2289 750 2317 ut
774 2284 892 2327 quivis
909 2293 967 2317 cas
996 2290 1129 2318 amaret
1157 2289 1191 2318 et
1217 2284 1460 2326 admiraretur,
1478 2283 1571 2329 quod
1598 2284 1701 2317 etiam

246 2340 312 2364 nos
339 2330 487 2364 fecimus
513 2336 548 2364 et
573 2330 639 2363 hac
665 2331 813 2365 historia
842 2330 1027 2365 ambitioso
1050 2332 1165 2366 studio
1181 2331 1360 2375 persecuti
1385 2342 1513 2370 sumus,
1537 2336 1618 2375 post
1631 2331 1699 2364 im-

246 2378 337 2420 perii
365 2382 480 2411 autem
510 2379 777 2422 occupationem
808 2388 850 2411 ea
879 2379 987 2412 edidit
1013 2379 1190 2421 facinora,
1216 2388 1306 2423 quae
1333 2378 1468 2422 oderit,
1498 2379 1701 2423 quicunque

246 2426 306 2469 pie
330 2426 456 2459 vivere
482 2425 583 2458 velit.
635 2425 702 2458 deo
727 2431 857 2467 autem,
885 2426 941 2458 cui
967 2426 1153 2470 religionis
1187 2431 1327 2470 sceptra
1356 2426 1528 2469 permissa
1561 2431 1642 2459 sunt
1667 2431 1702 2458 et

248 2473 304 2505 cui
331 2476 489 2516 potestas
520 2481 659 2516 poenae
688 2473 904 2517 repetendae
930 2473 1110 2507 admodum
1139 2474 1300 2518 expedita
1327 2474 1438 2515 adest,
1468 2483 1530 2507 sua
1546 2472 1700 2506 ecclesia

246 2530 331 2553 sane
360 2528 466 2552 curae
485 2520 653 2564 cordique
683 2521 760 2554 erit.
788 2520 873 2553 mihi
901 2521 994 2554 enim
1012 2531 1313 2565 supervacaneum
1338 2520 1480 2554 videtur
1506 2519 1699 2564 explicare,

246 2575 337 2611 quae
364 2567 524 2600 omnibus
557 2572 641 2600 nota
669 2573 771 2609 sunt,
807 2578 1011 2612 quamquam
1048 2570 1085 2602 in
1111 2567 1360 2603 Antirrheticis
1386 2568 1489 2601 etiam
1520 2577 1561 2600 ea
1587 2576 1700 2610 expo-

246 2614 391 2655 suimus,
419 2624 508 2658 quae
538 2620 639 2658 gesta
664 2621 758 2657 sunt,
785 2620 968 2659 antequam
991 2615 1258 2650 Cantacuzenus
1273 2615 1422 2658 imperio
1442 2615 1573 2658 potitus
1594 2619 1700 2648 esset.

246 2660 375 2695 deinde
402 2670 475 2694 non
500 2661 600 2694 nulla
630 2672 674 2696 ex
701 2663 771 2704 iis,
797 2673 887 2707 quae
910 2663 1072 2697 insecuta
1099 2668 1192 2705 sunt,
1217 2661 1413 2696 rursushac
1443 2661 1590 2696 historia
1617 2668 1701 2705 per-

250 2707 468 2750 scripsimus,
488 2710 672 2743 narrantis
698 2714 816 2754 partes
842 2715 972 2743 tantum
998 2716 1158 2755 agentes,
1183 2719 1255 2744 non
1284 2709 1462 2743 certantis.
1511 2718 1584 2742 non
1612 2708 1702 2741 enim

251 2755 479 2791 securitatem
504 2755 607 2791 nobis
634 2757 875 2802 praebuerunt
902 2763 1024 2792 nostra
1051 2758 1250 2803 naufragia.
1303 2757 1357 2792 sin
1386 2762 1501 2790 autem
1527 2756 1613 2790 deus
1634 2764 1704 2789 no-
