<?xml version="1.0" encoding="UTF-8"?>
<!DOCTYPE html PUBLIC "-//W3C//DTD XHTML 1.0 Transitional//EN"
    "http://www.w3.org/TR/xhtml1/DTD/xhtml1-transitional.dtd">
<html xmlns="http://www.w3.org/1999/xhtml" xml:lang="en" lang="en">
 <head>
  <title>
</title>
<meta http-equiv="Content-Type" content="text/html;charset=utf-8" />
  <meta name='ocr-system' content='tesseract 3.04.00' />
  <meta name='ocr-capabilities' content='ocr_page ocr_carea ocr_par ocr_line ocrx_word'/>
</head>
<body>
  <div class='ocr_page' id='page_1' title='image "./corpusscriptorum40niebuoft_0502.png"; bbox 0 0 1786 3138; ppageno 0'>
   <div class='ocr_carea' id='block_1_1' title="bbox 42 475 228 514">
    <p class='ocr_par' dir='ltr' id='par_1_1' title="bbox 42 475 228 514">
     <span class='ocr_line' id='line_1_1' title="bbox 42 475 228 514; baseline 0.005 -1"><span class='ocrx_word' id='word_1_1' title='bbox 42 480 58 513; x_wconf 74' lang='grc'>.“</span> <span class='ocrx_word' id='word_1_2' title='bbox 72 475 99 514; x_wconf 75' lang='lat' dir='ltr'>f.</span> <span class='ocrx_word' id='word_1_3' title='bbox 113 475 183 514; x_wconf 84' lang='lat'>248</span> <span class='ocrx_word' id='word_1_4' title='bbox 195 487 228 514; x_wconf 83' lang='lat' dir='ltr'>a.</span> 
     </span>
    </p>
   </div>
   <div class='ocr_carea' id='block_1_2' title="bbox 153 949 223 983">
    <p class='ocr_par' dir='ltr' id='par_1_2' title="bbox 153 949 223 983">
     <span class='ocr_line' id='line_1_2' title="bbox 153 949 223 983; baseline 0 0"><span class='ocrx_word' id='word_1_5' title='bbox 153 949 223 983; x_wconf 78' lang='lat'>81</span> 
     </span>
    </p>
   </div>
   <div class='ocr_carea' id='block_1_3' title="bbox 238 156 1282 212">
    <p class='ocr_par' dir='ltr' id='par_1_3' title="bbox 238 156 1282 212">
     <span class='ocr_line' id='line_1_3' title="bbox 238 156 1282 212; baseline 0.003 -4"><span class='ocrx_word' id='word_1_6' title='bbox 238 156 343 211; x_wconf 73' lang='lat'>490</span> <span class='ocrx_word' id='word_1_7' title='bbox 529 163 532 169; x_wconf 75' lang='grc'><em>’</em></span> <span class='ocrx_word' id='word_1_8' title='bbox 640 167 936 212; x_wconf 73' lang='lat' dir='ltr'>mctrnom</span> <span class='ocrx_word' id='word_1_9' title='bbox 976 166 1282 212; x_wconf 61' lang='lat' dir='ltr'>&lt;tamone</span> 
     </span>
    </p>
   </div>
   <div class='ocr_carea' id='block_1_4' title="bbox 233 271 1754 1803">
    <p class='ocr_par' dir='ltr' id='par_1_4' title="bbox 233 271 1754 1803">
     <span class='ocr_line' id='line_1_4' title="bbox 239 271 1695 332; baseline 0 -15"><span class='ocrx_word' id='word_1_10' title='bbox 239 275 313 330; x_wconf 81' lang='grc' dir='ltr'>τὴν</span> <span class='ocrx_word' id='word_1_11' title='bbox 343 271 517 331; x_wconf 73' lang='grc' dir='ltr'><em>ἄπειρον</em></span> <span class='ocrx_word' id='word_1_12' title='bbox 547 274 789 331; x_wconf 86' lang='grc' dir='ltr'><em>ἀγαθότητα</em></span> <span class='ocrx_word' id='word_1_13' title='bbox 817 274 891 329; x_wconf 77' lang='grc' dir='ltr'>καὶ</span> <span class='ocrx_word' id='word_1_14' title='bbox 920 276 1078 332; x_wconf 78' lang='grc' dir='ltr'><strong><em>σοφίαν</em></strong></span> <span class='ocrx_word' id='word_1_15' title='bbox 1106 275 1180 318; x_wconf 78' lang='grc' dir='ltr'>καὶ</span> <span class='ocrx_word' id='word_1_16' title='bbox 1206 274 1382 329; x_wconf 79' lang='grc' dir='ltr'><em>δύναμιν</em></span> <span class='ocrx_word' id='word_1_17' title='bbox 1409 272 1539 318; x_wconf 56' lang='lat' dir='ltr'>auto&amp;</span> <span class='ocrx_word' id='word_1_18' title='bbox 1563 288 1695 317; x_wconf 78' lang='grc' dir='ltr'><em>κατα-</em></span> 
     </span>
     <span class='ocr_line' id='line_1_5' title="bbox 240 339 1694 399; baseline -0.001 -15"><span class='ocrx_word' id='word_1_19' title='bbox 240 340 452 396; x_wconf 69' lang='grc' dir='ltr'><em>νοοῦμεν.”</em></span> <span class='ocrx_word' id='word_1_20' title='bbox 484 340 588 399; x_wconf 78' lang='grc' dir='ltr'>ὅρᾷς</span> <span class='ocrx_word' id='word_1_21' title='bbox 610 344 698 391; x_wconf 78' lang='grc' dir='ltr'>πῶς</span> <span class='ocrx_word' id='word_1_22' title='bbox 716 341 872 398; x_wconf 85' lang='grc' dir='ltr'><em>ἀνάγκῃ</em></span> <span class='ocrx_word' id='word_1_23' title='bbox 907 341 1097 384; x_wconf 82' lang='grc' dir='ltr'><strong><em>πειστέον</em></strong></span> <span class='ocrx_word' id='word_1_24' title='bbox 1124 341 1225 398; x_wconf 74' lang='grc' dir='ltr'><em>ἡμῖν</em></span> <span class='ocrx_word' id='word_1_25' title='bbox 1240 342 1363 392; x_wconf 80' lang='grc' dir='ltr'><em>ἐστίν,</em></span> <span class='ocrx_word' id='word_1_26' title='bbox 1394 339 1452 392; x_wconf 77' lang='grc' dir='ltr'>ὥς</span> <span class='ocrx_word' id='word_1_27' title='bbox 1483 342 1537 385; x_wconf 77' lang='grc' dir='ltr'>δι’</span> <span class='ocrx_word' id='word_1_28' title='bbox 1566 339 1694 384; x_wconf 74' lang='grc' dir='ltr'><em>ἐσόπ-</em></span> 
     </span>
     <span class='ocr_line' id='line_1_6' title="bbox 239 405 1695 465; baseline 0 -15"><span class='ocrx_word' id='word_1_29' title='bbox 239 424 341 464; x_wconf 88' lang='grc' dir='ltr'><em>τρου</em></span> <span class='ocrx_word' id='word_1_30' title='bbox 405 410 480 451; x_wconf 75' lang='grc' dir='ltr'><em>τοῦ</em></span> <span class='ocrx_word' id='word_1_31' title='bbox 535 409 891 465; x_wconf 84' lang='grc' dir='ltr'><em>προσλήμματος,</em></span> <span class='ocrx_word' id='word_1_32' title='bbox 946 409 1259 465; x_wconf 86' lang='grc' dir='ltr'><em>συγκαταβάσει</em></span> <span class='ocrx_word' id='word_1_33' title='bbox 1301 408 1573 465; x_wconf 78' lang='grc' dir='ltr'><em>χρησάμενον</em></span> <span class='ocrx_word' id='word_1_34' title='bbox 1623 405 1695 450; x_wconf 74' lang='grc' dir='ltr'>τὸν</span> 
     </span>
     <span class='ocr_line' id='line_1_7' title="bbox 241 472 1696 532; baseline -0.001 -15"><span class='ocrx_word' id='word_1_35' title='bbox 241 476 523 532; x_wconf 79' lang='grc' dir='ltr'><em>θεάνθρωπον</em></span> <span class='ocrx_word' id='word_1_36' title='bbox 564 475 685 531; x_wconf 89' lang='grc' dir='ltr'><em>λόγον</em></span> <span class='ocrx_word' id='word_1_37' title='bbox 730 475 836 518; x_wconf 76' lang='grc' dir='ltr'>κάπὶ</span> <span class='ocrx_word' id='word_1_38' title='bbox 863 476 938 519; x_wconf 81' lang='grc' dir='ltr'><em>τοῦ</em></span> <span class='ocrx_word' id='word_1_39' title='bbox 982 472 1108 531; x_wconf 77' lang='grc' dir='ltr'><em>ὅρους</em></span> <span class='ocrx_word' id='word_1_40' title='bbox 1150 477 1308 519; x_wconf 74' lang='grc' dir='ltr'><em>ἐκείνου</em></span> <span class='ocrx_word' id='word_1_41' title='bbox 1349 475 1696 532; x_wconf 76' lang='grc' dir='ltr'><em>παραδειχθῆναι</em></span> 
     </span>
     <span class='ocr_line' id='line_1_8' title="bbox 238 541 1728 600; baseline -0.003 -15"><span class='ocrx_word' id='word_1_42' title='bbox 238 542 329 598; x_wconf 83' lang='grc' dir='ltr'><em>μέν,</em></span> <span class='ocrx_word' id='word_1_43' title='bbox 363 541 411 583; x_wconf 80' lang='grc' dir='ltr'><em>οὗ</em></span> <span class='ocrx_word' id='word_1_44' title='bbox 444 544 669 599; x_wconf 73' lang='grc' dir='ltr'><em>δειχθῆναι</em></span> <span class='ocrx_word' id='word_1_45' title='bbox 703 541 761 594; x_wconf 77' lang='grc' dir='ltr'>δέ,</span> <span class='ocrx_word' id='word_1_46' title='bbox 794 543 868 586; x_wconf 80' lang='grc' dir='ltr'>καὶ</span> <span class='ocrx_word' id='word_1_47' title='bbox 896 545 1238 600; x_wconf 78' lang='grc' dir='ltr'><em>παραγυμνῶσαι</em></span> <span class='ocrx_word' id='word_1_48' title='bbox 1263 542 1366 598; x_wconf 86' lang='grc' dir='ltr'><em>μέν,</em></span> <span class='ocrx_word' id='word_1_49' title='bbox 1397 541 1445 585; x_wconf 84' lang='grc' dir='ltr'><em>οὗ</em></span> <span class='ocrx_word' id='word_1_50' title='bbox 1470 543 1728 599; x_wconf 71' lang='grc' dir='ltr'><em>γυμνῶσαιᾶ</em></span> 
     </span>
     <span class='ocr_line' id='line_1_9' title="bbox 241 605 1696 666; baseline -0.001 -15"><span class='ocrx_word' id='word_1_51' title='bbox 241 609 287 653; x_wconf 76' lang='grc' dir='ltr'>δὲ</span> <span class='ocrx_word' id='word_1_52' title='bbox 315 608 389 664; x_wconf 79' lang='grc' dir='ltr'>τὴν</span> <span class='ocrx_word' id='word_1_53' title='bbox 411 611 485 665; x_wconf 79' lang='grc' dir='ltr'>τῆς</span> <span class='ocrx_word' id='word_1_54' title='bbox 516 610 710 653; x_wconf 68' lang='grc' dir='ltr'><em>ἀπίστου</em></span> <span class='ocrx_word' id='word_1_55' title='bbox 744 610 940 666; x_wconf 80' lang='grc' dir='ltr'><em>θεότητος</em></span> <span class='ocrx_word' id='word_1_56' title='bbox 978 609 1127 652; x_wconf 81' lang='grc' dir='ltr'><em>οὖσιάν</em></span> <span class='ocrx_word' id='word_1_57' title='bbox 1154 609 1295 662; x_wconf 77' lang='grc' dir='ltr'><em>αὐτοῦ,</em></span> <span class='ocrx_word' id='word_1_58' title='bbox 1322 605 1592 665; x_wconf 23' lang='grc' dir='ltr'><em>ὀὔδ’,ἓτέραν</em></span> <span class='ocrx_word' id='word_1_59' title='bbox 1621 609 1696 663; x_wconf 84' lang='grc' dir='ltr'>τῆς</span> 
     </span>
     <span class='ocr_line' id='line_1_10' title="bbox 239 672 1694 733; baseline 0 -17"><span class='ocrx_word' id='word_1_60' title='bbox 239 674 387 725; x_wconf 80' lang='grc' dir='ltr'><em>οὔσιάς</em></span> <span class='ocrx_word' id='word_1_61' title='bbox 416 675 543 718; x_wconf 76' lang='grc' dir='ltr'><em>αὐτοῦ</em></span> <span class='ocrx_word' id='word_1_62' title='bbox 569 676 747 732; x_wconf 83' lang='grc' dir='ltr'><em>θεότητα</em></span> <span class='ocrx_word' id='word_1_63' title='bbox 779 676 1066 719; x_wconf 86' lang='grc' dir='ltr'><em>ἀνυπόστατόν</em></span> <span class='ocrx_word' id='word_1_64' title='bbox 1093 692 1138 719; x_wconf 88' lang='grc' dir='ltr'>τε</span> <span class='ocrx_word' id='word_1_65' title='bbox 1174 677 1247 720; x_wconf 81' lang='grc' dir='ltr'>καὶ</span> <span class='ocrx_word' id='word_1_66' title='bbox 1291 675 1448 733; x_wconf 79' lang='grc' dir='ltr'><em>ὅραι-ὴν</em></span> <span class='ocrx_word' id='word_1_67' title='bbox 1476 675 1550 720; x_wconf 75' lang='grc' dir='ltr'>καὶ</span> <span class='ocrx_word' id='word_1_68' title='bbox 1580 672 1694 719; x_wconf 75' lang='grc' dir='ltr'><em>ἄκτι-</em></span> 
     </span>
     <span class='ocr_line' id='line_1_11' title="bbox 240 740 1744 800; baseline 0 -16"><span class='ocrx_word' id='word_1_69' title='bbox 240 757 336 784; x_wconf 83' lang='grc' dir='ltr'><em>στον</em></span> <span class='ocrx_word' id='word_1_70' title='bbox 361 743 434 785; x_wconf 85' lang='grc' dir='ltr'>καί</span> <span class='ocrx_word' id='word_1_71' title='bbox 466 740 696 799; x_wconf 80' lang='grc' dir='ltr'><em>ὖφειμένην</em></span> <span class='ocrx_word' id='word_1_72' title='bbox 723 745 810 786; x_wconf 78' lang='grc' dir='ltr'><em>ἐκεῖ</em></span> <span class='ocrx_word' id='word_1_73' title='bbox 838 743 1102 800; x_wconf 82' lang='grc' dir='ltr'><em>πεπραχέναι</em></span> <span class='ocrx_word' id='word_1_74' title='bbox 1141 742 1248 786; x_wconf 79' lang='grc' dir='ltr'><em>κατὰ</em></span> <span class='ocrx_word' id='word_1_75' title='bbox 1275 743 1349 799; x_wconf 84' lang='grc' dir='ltr'>τὴν</span> <span class='ocrx_word' id='word_1_76' title='bbox 1378 743 1461 786; x_wconf 76' lang='grc' dir='ltr'>τῶν</span> <span class='ocrx_word' id='word_1_77' title='bbox 1493 742 1695 797; x_wconf 75' lang='grc' dir='ltr'><em>ἀσεβούν-</em></span> <span class='ocrx_word' id='word_1_78' title='bbox 1738 764 1744 772; x_wconf 89' lang='grc'><em>·</em></span> 
     </span>
     <span class='ocr_line' id='line_1_12' title="bbox 239 806 1695 867; baseline 0 -17"><span class='ocrx_word' id='word_1_79' title='bbox 239 824 323 851; x_wconf 86' lang='grc' dir='ltr'>των</span> <span class='ocrx_word' id='word_1_80' title='bbox 351 810 644 865; x_wconf 72' lang='grc' dir='ltr'><em>παρανομίαν·</em></span> <span class='ocrx_word' id='word_1_81' title='bbox 698 811 968 866; x_wconf 72' lang='grc' dir='ltr'><em>ἀνθρωπίνης</em></span> <span class='ocrx_word' id='word_1_82' title='bbox 995 808 1076 866; x_wconf 81' lang='grc' dir='ltr'><em>γὰρ</em></span> <span class='ocrx_word' id='word_1_83' title='bbox 1108 812 1281 867; x_wconf 82' lang='grc' dir='ltr'><em>μορφῆς</em></span> <span class='ocrx_word' id='word_1_84' title='bbox 1312 810 1536 859; x_wconf 70' lang='grc' dir='ltr'><em>ἀλλοίωσις</em></span> <span class='ocrx_word' id='word_1_85' title='bbox 1563 806 1590 864; x_wconf 81' lang='grc' dir='ltr'><strong><em>ἧ</em></strong></span> <span class='ocrx_word' id='word_1_86' title='bbox 1617 824 1695 864; x_wconf 85' lang='grc' dir='ltr'>με-</span> 
     </span>
     <span class='ocr_line' id='line_1_13' title="bbox 244 873 1754 932; baseline 0 -15"><span class='ocrx_word' id='word_1_87' title='bbox 244 875 525 932; x_wconf 84' lang='grc' dir='ltr'><em>ταμόρφωσις</em></span> <span class='ocrx_word' id='word_1_88' title='bbox 555 873 618 932; x_wconf 78' lang='grc' dir='ltr'>ἦν,</span> <span class='ocrx_word' id='word_1_89' title='bbox 648 877 797 926; x_wconf 54' lang='grc' dir='ltr'>καίχοῦ</span> <span class='ocrx_word' id='word_1_90' title='bbox 825 878 1105 932; x_wconf 76' lang='grc' dir='ltr'><em>μετουσίωσις</em></span> <span class='ocrx_word' id='word_1_91' title='bbox 1131 879 1205 932; x_wconf 80' lang='grc' dir='ltr'>τῆς</span> <span class='ocrx_word' id='word_1_92' title='bbox 1235 875 1516 919; x_wconf 81' lang='grc' dir='ltr'><em>ἀναλλοιώτου</em></span> <span class='ocrx_word' id='word_1_93' title='bbox 1545 875 1754 931; x_wconf 62' lang='lat' dir='ltr'>&amp;orry-10</span> 
     </span>
     <span class='ocr_line' id='line_1_14' title="bbox 242 937 1694 1001; baseline 0.001 -19"><span class='ocrx_word' id='word_1_94' title='bbox 242 957 324 991; x_wconf 85' lang='grc' dir='ltr'><em>τος.</em></span> <span class='ocrx_word' id='word_1_95' title='bbox 383 941 500 985; x_wconf 80' lang='grc' dir='ltr'><em>καθὰ</em></span> <span class='ocrx_word' id='word_1_96' title='bbox 529 943 602 985; x_wconf 85' lang='grc' dir='ltr'>καὶ</span> <span class='ocrx_word' id='word_1_97' title='bbox 631 942 654 985; x_wconf 81' lang='grc' dir='ltr'><em>ὅ</em></span> <span class='ocrx_word' id='word_1_98' title='bbox 683 942 874 1001; x_wconf 76' lang='grc' dir='ltr'><strong><em>μελῳδὸς</em></strong></span> <span class='ocrx_word' id='word_1_99' title='bbox 914 945 1084 995; x_wconf 76' lang='grc' dir='ltr'><em>διέξεισι</em></span> <span class='ocrx_word' id='word_1_100' title='bbox 1113 947 1229 994; x_wconf 81' lang='grc' dir='ltr'><em>θεῖος</em></span> <span class='ocrx_word' id='word_1_101' title='bbox 1259 945 1462 998; x_wconf 79' lang='grc' dir='ltr'><em>Κοσμᾶς,</em></span> <span class='ocrx_word' id='word_1_102' title='bbox 1490 939 1590 997; x_wconf 65' lang='grc' dir='ltr'>ι”·τὴν</span> <span class='ocrx_word' id='word_1_103' title='bbox 1613 937 1694 983; x_wconf 79' lang='grc' dir='ltr'><em>’ἀν-</em></span> 
     </span>
     <span class='ocr_line' id='line_1_15' title="bbox 240 1008 1694 1067; baseline 0.001 -18"><span class='ocrx_word' id='word_1_104' title='bbox 240 1008 482 1064; x_wconf 76' lang='grc' dir='ltr'><em>θρωπι’νην”</em></span> <span class='ocrx_word' id='word_1_105' title='bbox 521 1009 654 1065; x_wconf 82' lang='grc' dir='ltr'><em>λέγων</em></span> <span class='ocrx_word' id='word_1_106' title='bbox 678 1009 1045 1067; x_wconf 74' lang='grc' dir='ltr'><em>“ἀμαυρωθεῖσαν</em></span> <span class='ocrx_word' id='word_1_107' title='bbox 1085 1011 1358 1067; x_wconf 76' lang='grc' dir='ltr'><em>ἐλάμπρυνας</em></span> <span class='ocrx_word' id='word_1_108' title='bbox 1393 1009 1526 1052; x_wconf 86' lang='grc' dir='ltr'><em>πάλαι</em></span> <span class='ocrx_word' id='word_1_109' title='bbox 1553 1008 1694 1066; x_wconf 81' lang='grc' dir='ltr'><em>φύσιν,</em></span> 
     </span>
     <span class='ocr_line' id='line_1_16' title="bbox 238 1072 1693 1134; baseline 0.002 -19"><span class='ocrx_word' id='word_1_110' title='bbox 238 1075 311 1117; x_wconf 81' lang='grc' dir='ltr'>καί</span> <span class='ocrx_word' id='word_1_111' title='bbox 342 1075 563 1118; x_wconf 75' lang='grc' dir='ltr'><em>ἀλλοιώσει</em></span> <span class='ocrx_word' id='word_1_112' title='bbox 580 1078 654 1132; x_wconf 82' lang='grc' dir='ltr'>τῆς</span> <span class='ocrx_word' id='word_1_113' title='bbox 680 1080 854 1134; x_wconf 81' lang='grc' dir='ltr'><em>μορφῆς</em></span> <span class='ocrx_word' id='word_1_114' title='bbox 875 1095 952 1120; x_wconf 87' lang='grc' dir='ltr'><em>σου</em></span> <span class='ocrx_word' id='word_1_115' title='bbox 980 1077 1302 1134; x_wconf 79' lang='grc' dir='ltr'><em>ἐθεούργησας.”</em></span> <span class='ocrx_word' id='word_1_116' title='bbox 1333 1078 1371 1119; x_wconf 85' lang='grc' dir='ltr'>εἰ</span> <span class='ocrx_word' id='word_1_117' title='bbox 1400 1079 1439 1120; x_wconf 76' lang='grc' dir='ltr'>δ’</span> <span class='ocrx_word' id='word_1_118' title='bbox 1457 1072 1532 1118; x_wconf 77' lang='grc' dir='ltr'><em>οὖν</em></span> <span class='ocrx_word' id='word_1_119' title='bbox 1558 1091 1693 1133; x_wconf 85' lang='grc' dir='ltr'><em>προσ-</em></span> 
     </span>
     <span class='ocr_line' id='line_1_17' title="bbox 240 1140 1710 1199; baseline 0.003 -19"><span class='ocrx_word' id='word_1_120' title='bbox 240 1140 376 1183; x_wconf 80' lang='grc' dir='ltr'><em>εκτέον</em></span> <span class='ocrx_word' id='word_1_121' title='bbox 417 1143 463 1185; x_wconf 94' lang='grc' dir='ltr'>τι’</span> <span class='ocrx_word' id='word_1_122' title='bbox 494 1143 594 1198; x_wconf 72' lang='grc' dir='ltr'><em>περὶ</em></span> <span class='ocrx_word' id='word_1_123' title='bbox 635 1143 783 1186; x_wconf 84' lang='grc' dir='ltr'><em>τούτου</em></span> <span class='ocrx_word' id='word_1_124' title='bbox 829 1146 903 1186; x_wconf 84' lang='grc' dir='ltr'><em>καί</em></span> <span class='ocrx_word' id='word_1_125' title='bbox 942 1142 966 1186; x_wconf 77' lang='grc' dir='ltr'><em>ὅ</em></span> <span class='ocrx_word' id='word_1_126' title='bbox 997 1148 1112 1194; x_wconf 83' lang='grc' dir='ltr'><em>θεῖος</em></span> <span class='ocrx_word' id='word_1_127' title='bbox 1150 1144 1322 1195; x_wconf 79' lang='grc' dir='ltr'><em>διέξεισι</em></span> <span class='ocrx_word' id='word_1_128' title='bbox 1352 1144 1710 1199; x_wconf 80' lang='grc' dir='ltr'><em>Χρυσορρὴμων,·-</em></span> 
     </span>
     <span class='ocr_line' id='line_1_18' title="bbox 234 1203 1750 1268; baseline 0.001 -18"><span class='ocrx_word' id='word_1_129' title='bbox 234 1203 565 1264; x_wconf 41' lang='grc' dir='ltr'><em>’(πορευθῶμεθ</em></span> <span class='ocrx_word' id='word_1_130' title='bbox 610 1211 740 1267; x_wconf 73' lang='grc' dir='ltr'><em>φησὶν</em></span> <span class='ocrx_word' id='word_1_131' title='bbox 762 1209 861 1252; x_wconf 61' lang='lat'><strong><em>“5⁷12</em></strong></span> <span class='ocrx_word' id='word_1_132' title='bbox 889 1210 935 1253; x_wconf 86' lang='grc' dir='ltr'>τὸ</span> <span class='ocrx_word' id='word_1_133' title='bbox 964 1209 1063 1267; x_wconf 75' lang='grc' dir='ltr'><em>ὅρος</em></span> <span class='ocrx_word' id='word_1_134' title='bbox 1089 1214 1150 1267; x_wconf 71' lang='grc' dir='ltr'>τῷ</span> <span class='ocrx_word' id='word_1_135' title='bbox 1182 1211 1289 1268; x_wconf 74' lang='grc' dir='ltr'><em>λόγῳ</em></span> <span class='ocrx_word' id='word_1_136' title='bbox 1307 1242 1332 1261; x_wconf 17' lang='grc'>,1,</span> <span class='ocrx_word' id='word_1_137' title='bbox 1349 1210 1454 1252; x_wconf 80' lang='grc' dir='ltr'><em>ἔνθα</em></span> <span class='ocrx_word' id='word_1_138' title='bbox 1484 1225 1690 1266; x_wconf 82' lang='grc' dir='ltr'><em>μετεμορ-</em></span> <span class='ocrx_word' id='word_1_139' title='bbox 1707 1211 1750 1246; x_wconf 85' lang='grc'>15</span> 
     </span>
     <span class='ocr_line' id='line_1_19' title="bbox 240 1275 1694 1333; baseline 0 -16"><span class='ocrx_word' id='word_1_140' title='bbox 240 1275 367 1331; x_wconf 77' lang='grc' dir='ltr'><em>φώθη</em></span> <span class='ocrx_word' id='word_1_141' title='bbox 413 1277 611 1332; x_wconf 86' lang='grc' dir='ltr'><em>Χριστός.</em></span> <span class='ocrx_word' id='word_1_142' title='bbox 682 1276 839 1332; x_wconf 76' lang='grc' dir='ltr'><em>ἴδωμεν</em></span> <span class='ocrx_word' id='word_1_143' title='bbox 893 1276 1018 1320; x_wconf 74' lang='grc' dir='ltr'><em>αὐτὸν</em></span> <span class='ocrx_word' id='word_1_144' title='bbox 1062 1279 1281 1333; x_wconf 77' lang='grc' dir='ltr'><em>λάμποντα</em></span> <span class='ocrx_word' id='word_1_145' title='bbox 1325 1275 1468 1332; x_wconf 74' lang='grc' dir='ltr'><em>ὥσπερ</em></span> <span class='ocrx_word' id='word_1_146' title='bbox 1512 1275 1694 1330; x_wconf 71' lang='grc' dir='ltr'><em>ἔλαμψε.</em></span> 
     </span>
     <span class='ocr_line' id='line_1_20' title="bbox 237 1342 1692 1400; baseline 0.001 -17"><span class='ocrx_word' id='word_1_147' title='bbox 237 1342 315 1384; x_wconf 82' lang='grc' dir='ltr'>καί</span> <span class='ocrx_word' id='word_1_148' title='bbox 336 1358 402 1384; x_wconf 93' lang='grc' dir='ltr'><em>τοι</em></span> <span class='ocrx_word' id='word_1_149' title='bbox 430 1342 519 1385; x_wconf 75' lang='grc' dir='ltr'><em>οὐδ’</em></span> <span class='ocrx_word' id='word_1_150' title='bbox 551 1343 660 1386; x_wconf 76' lang='grc' dir='ltr'><em>οὕτω</em></span> <span class='ocrx_word' id='word_1_151' title='bbox 683 1346 826 1386; x_wconf 80' lang='grc' dir='ltr'><em>πᾶσαν</em></span> <span class='ocrx_word' id='word_1_152' title='bbox 855 1343 959 1400; x_wconf 75' lang='grc' dir='ltr'><em>ἡμῖν</em></span> <span class='ocrx_word' id='word_1_153' title='bbox 985 1344 1116 1396; x_wconf 81' lang='grc' dir='ltr'><em>ἔδειξε</em></span> <span class='ocrx_word' id='word_1_154' title='bbox 1143 1344 1218 1400; x_wconf 83' lang='grc' dir='ltr'>τὴν</span> <span class='ocrx_word' id='word_1_155' title='bbox 1235 1346 1309 1386; x_wconf 79' lang='grc' dir='ltr'><em>τοῦ</em></span> <span class='ocrx_word' id='word_1_156' title='bbox 1335 1343 1559 1398; x_wconf 85' lang='grc' dir='ltr'><em>μέλλοντος</em></span> <span class='ocrx_word' id='word_1_157' title='bbox 1588 1344 1692 1385; x_wconf 78' lang='grc' dir='ltr'><em>αἰῶ-</em></span> 
     </span>
     <span class='ocr_line' id='line_1_21' title="bbox 236 1408 1694 1467; baseline 0.001 -16"><span class='ocrx_word' id='word_1_158' title='bbox 236 1424 306 1458; x_wconf 90' lang='grc' dir='ltr'><em>νος</em></span> <span class='ocrx_word' id='word_1_159' title='bbox 335 1410 623 1466; x_wconf 87' lang='grc' dir='ltr'><em>λαμπρότητα.</em></span> <span class='ocrx_word' id='word_1_160' title='bbox 696 1409 760 1453; x_wconf 79' lang='grc' dir='ltr'>ὅτι</span> <span class='ocrx_word' id='word_1_161' title='bbox 799 1410 881 1467; x_wconf 78' lang='grc' dir='ltr'><em>γὰρ</em></span> <span class='ocrx_word' id='word_1_162' title='bbox 930 1412 1244 1467; x_wconf 86' lang='grc' dir='ltr'><em>συγκατάβασις</em></span> <span class='ocrx_word' id='word_1_163' title='bbox 1281 1408 1333 1467; x_wconf 80' lang='grc' dir='ltr'>ἦν</span> <span class='ocrx_word' id='word_1_164' title='bbox 1359 1409 1406 1453; x_wconf 81' lang='grc' dir='ltr'>τὸ</span> <span class='ocrx_word' id='word_1_165' title='bbox 1440 1409 1694 1467; x_wconf 83' lang='grc' dir='ltr'><em>φαινόμενον</em></span> 
     </span>
     <span class='ocr_line' id='line_1_22' title="bbox 240 1471 1694 1534; baseline 0.001 -17"><span class='ocrx_word' id='word_1_166' title='bbox 240 1471 328 1517; x_wconf 81' lang='grc' dir='ltr'><em>ἀλλ’</em></span> <span class='ocrx_word' id='word_1_167' title='bbox 359 1476 432 1517; x_wconf 77' lang='grc' dir='ltr'><em>οὐκ</em></span> <span class='ocrx_word' id='word_1_168' title='bbox 465 1478 663 1529; x_wconf 73' lang='grc' dir='ltr'><em>ἐπίδειξις</em></span> <span class='ocrx_word' id='word_1_169' title='bbox 693 1480 768 1520; x_wconf 81' lang='grc' dir='ltr'><em>τοῦ</em></span> <span class='ocrx_word' id='word_1_170' title='bbox 798 1479 1042 1534; x_wconf 87' lang='grc' dir='ltr'><em>πράγματος</em></span> <span class='ocrx_word' id='word_1_171' title='bbox 1075 1478 1262 1534; x_wconf 81' lang='grc' dir='ltr'><em>ἀκριβής,</em></span> <span class='ocrx_word' id='word_1_172' title='bbox 1296 1478 1366 1520; x_wconf 86' lang='grc' dir='ltr'>ἀπ’</span> <span class='ocrx_word' id='word_1_173' title='bbox 1399 1477 1537 1520; x_wconf 72' lang='grc' dir='ltr'><em>αὐτῶν</em></span> <span class='ocrx_word' id='word_1_174' title='bbox 1567 1477 1694 1532; x_wconf 81' lang='grc' dir='ltr'><em>δῆλον</em></span> 
     </span>
     <span class='ocr_line' id='line_1_23' title="bbox 235 1541 1750 1601; baseline -0.002 -15"><span class='ocrx_word' id='word_1_175' title='bbox 235 1546 317 1587; x_wconf 79' lang='grc' dir='ltr'>τῶν</span> <span class='ocrx_word' id='word_1_176' title='bbox 348 1545 422 1585; x_wconf 83' lang='grc' dir='ltr'><em>τοῦ</em></span> <span class='ocrx_word' id='word_1_177' title='bbox 453 1543 695 1600; x_wconf 75' lang='grc' dir='ltr'><em>εὐαγγελίου</em></span> <span class='ocrx_word' id='word_1_178' title='bbox 731 1543 941 1600; x_wconf 76' lang='grc' dir='ltr'><em>ῥημάτων.</em></span> <span class='ocrx_word' id='word_1_179' title='bbox 998 1545 1043 1587; x_wconf 79' lang='grc' dir='ltr'>τί</span> <span class='ocrx_word' id='word_1_180' title='bbox 1067 1545 1147 1600; x_wconf 89' lang='grc' dir='ltr'><em>γάρ</em></span> <span class='ocrx_word' id='word_1_181' title='bbox 1179 1561 1331 1601; x_wconf 89' lang='grc' dir='ltr'><em>φησιν,·</em></span> <span class='ocrx_word' id='word_1_182' title='bbox 1361 1543 1552 1599; x_wconf 81' lang='grc' dir='ltr'><em>ἔλαμψεν</em></span> <span class='ocrx_word' id='word_1_183' title='bbox 1581 1541 1638 1593; x_wconf 78' lang='grc' dir='ltr'>ὥς</span> <span class='ocrx_word' id='word_1_184' title='bbox 1667 1541 1750 1585; x_wconf 73' lang='grc'>620</span> 
     </span>
     <span class='ocr_line' id='line_1_24' title="bbox 234 1608 1695 1668; baseline 0 -17"><span class='ocrx_word' id='word_1_185' title='bbox 234 1608 362 1664; x_wconf 77' lang='grc' dir='ltr'><em>ἥλιος.</em></span> <span class='ocrx_word' id='word_1_186' title='bbox 440 1610 467 1666; x_wconf 81' lang='grc' dir='ltr'><em>ἦ</em></span> <span class='ocrx_word' id='word_1_187' title='bbox 510 1612 555 1653; x_wconf 79' lang='grc' dir='ltr'>δὲ</span> <span class='ocrx_word' id='word_1_188' title='bbox 605 1614 687 1653; x_wconf 75' lang='grc' dir='ltr'>τῶν</span> <span class='ocrx_word' id='word_1_189' title='bbox 728 1611 962 1668; x_wconf 73' lang='grc' dir='ltr'><em>ἀφθάρτων</em></span> <span class='ocrx_word' id='word_1_190' title='bbox 1000 1612 1210 1666; x_wconf 87' lang='grc' dir='ltr'><em>σωμάτων</em></span> <span class='ocrx_word' id='word_1_191' title='bbox 1253 1612 1353 1662; x_wconf 75' lang='grc' dir='ltr'><em>δόξα</em></span> <span class='ocrx_word' id='word_1_192' title='bbox 1400 1611 1464 1653; x_wconf 80' lang='grc' dir='ltr'><em>οὗ·</em></span> <span class='ocrx_word' id='word_1_193' title='bbox 1495 1612 1695 1660; x_wconf 80' lang='grc' dir='ltr'><em>τοσοῦτον</em></span> 
     </span>
     <span class='ocr_line' id='line_1_25' title="bbox 237 1676 1690 1736; baseline 0 -18"><span class='ocrx_word' id='word_1_194' title='bbox 237 1676 391 1732; x_wconf 77' lang='grc' dir='ltr'><em>ἀφίησι</em></span> <span class='ocrx_word' id='word_1_195' title='bbox 419 1676 465 1719; x_wconf 85' lang='grc' dir='ltr'>τὸ</span> <span class='ocrx_word' id='word_1_196' title='bbox 496 1679 587 1734; x_wconf 75' lang='grc' dir='ltr'>φῶς</span> <span class='ocrx_word' id='word_1_197' title='bbox 617 1676 716 1721; x_wconf 79' lang='grc' dir='ltr'><em>ὅσον</em></span> <span class='ocrx_word' id='word_1_198' title='bbox 740 1680 860 1721; x_wconf 81' lang='grc' dir='ltr'><em>τοῦτο</em></span> <span class='ocrx_word' id='word_1_199' title='bbox 887 1678 939 1722; x_wconf 75' lang='grc' dir='ltr'>τὰ</span> <span class='ocrx_word' id='word_1_200' title='bbox 962 1681 1087 1735; x_wconf 78' lang='grc' dir='ltr'><em>σῶμα</em></span> <span class='ocrx_word' id='word_1_201' title='bbox 1106 1678 1152 1721; x_wconf 83' lang='grc' dir='ltr'>τὸ</span> <span class='ocrx_word' id='word_1_202' title='bbox 1187 1678 1394 1736; x_wconf 85' lang='grc' dir='ltr'><em>φθαρτόν,</em></span> <span class='ocrx_word' id='word_1_203' title='bbox 1425 1677 1522 1721; x_wconf 74' lang='grc' dir='ltr'><em>οὐδὲ</em></span> <span class='ocrx_word' id='word_1_204' title='bbox 1551 1677 1690 1719; x_wconf 76' lang='grc' dir='ltr'><em>τοιοῦ-</em></span> 
     </span>
     <span class='ocr_line' id='line_1_26' title="bbox 233 1738 1691 1803; baseline -0.001 -16"><span class='ocrx_word' id='word_1_205' title='bbox 233 1757 303 1787; x_wconf 83' lang='grc' dir='ltr'><em>τον</em></span> <span class='ocrx_word' id='word_1_206' title='bbox 336 1738 423 1787; x_wconf 80' lang='grc' dir='ltr'><em>οἷον</em></span> <span class='ocrx_word' id='word_1_207' title='bbox 451 1745 525 1788; x_wconf 72' lang='grc' dir='ltr'>καὶ</span> <span class='ocrx_word' id='word_1_208' title='bbox 550 1747 721 1801; x_wconf 83' lang='grc' dir='ltr'><em>θνητοῖς</em></span> <span class='ocrx_word' id='word_1_209' title='bbox 750 1742 914 1800; x_wconf 71' lang='grc' dir='ltr'><em>ὄμμασι</em></span> <span class='ocrx_word' id='word_1_210' title='bbox 940 1745 1139 1802; x_wconf 82' lang='grc' dir='ltr'><em>γενέσθαι</em></span> <span class='ocrx_word' id='word_1_211' title='bbox 1152 1745 1360 1803; x_wconf 83' lang='grc' dir='ltr'><em>χωρητόν,</em></span> <span class='ocrx_word' id='word_1_212' title='bbox 1393 1745 1481 1787; x_wconf 82' lang='grc' dir='ltr'><em>ἀλλ’</em></span> <span class='ocrx_word' id='word_1_213' title='bbox 1518 1743 1691 1801; x_wconf 72' lang='grc' dir='ltr'><em>ἀφθάρ-</em></span> 
     </span>
    </p>
   </div>
   <div class='ocr_carea' id='block_1_5' title="bbox 1718 0 1786 844">
    <p class='ocr_par' dir='ltr' id='par_1_5' title="bbox 1718 0 1786 844">
     <span class='ocr_line' id='line_1_27' title="bbox 1718 0 1786 844; baseline 0 0"><span class='ocrx_word' id='word_1_214' title='bbox 1718 0 1786 844; x_wconf 95' lang='lat' dir='ltr'>   </span> 
     </span>
    </p>
   </div>
   <div class='ocr_carea' id='block_1_6' title="bbox 233 1956 1688 2810">
    <p class='ocr_par' dir='ltr' id='par_1_6' title="bbox 233 1956 1688 2810">
     <span class='ocr_line' id='line_1_28' title="bbox 237 1956 1688 2003; baseline 0.001 -13"><span class='ocrx_word' id='word_1_215' title='bbox 237 1966 330 1991; x_wconf 77' lang='lat' dir='ltr'>mus.</span> <span class='ocrx_word' id='word_1_216' title='bbox 381 1957 483 1992; x_wconf 76' lang='lat' dir='ltr'>vides</span> <span class='ocrx_word' id='word_1_217' title='bbox 506 1962 547 1991; x_wconf 91' lang='lat' dir='ltr'>ut</span> <span class='ocrx_word' id='word_1_218' title='bbox 573 1958 837 1993; x_wconf 85' lang='lat' dir='ltr'>concedendum</span> <span class='ocrx_word' id='word_1_219' title='bbox 866 1963 919 1992; x_wconf 81' lang='lat' dir='ltr'>est</span> <span class='ocrx_word' id='word_1_220' title='bbox 945 1959 1044 2003; x_wconf 82' lang='lat' dir='ltr'>quasi</span> <span class='ocrx_word' id='word_1_221' title='bbox 1070 1956 1216 2002; x_wconf 85' lang='lat' dir='ltr'>speculo</span> <span class='ocrx_word' id='word_1_222' title='bbox 1226 1957 1438 1991; x_wconf 73' lang='lat' dir='ltr'>adiectionis</span> <span class='ocrx_word' id='word_1_223' title='bbox 1465 1956 1688 2002; x_wconf 79' lang='lat' dir='ltr'>mitigatione</span> 
     </span>
     <span class='ocr_line' id='line_1_29' title="bbox 233 2004 1687 2049; baseline 0 -12"><span class='ocrx_word' id='word_1_224' title='bbox 233 2014 337 2038; x_wconf 83' lang='lat' dir='ltr'>usum</span> <span class='ocrx_word' id='word_1_225' title='bbox 353 2004 475 2038; x_wconf 87' lang='lat' dir='ltr'>divino</span> <span class='ocrx_word' id='word_1_226' title='bbox 494 2005 681 2039; x_wconf 90' lang='lat' dir='ltr'>humanum</span> <span class='ocrx_word' id='word_1_227' title='bbox 701 2006 845 2040; x_wconf 86' lang='lat' dir='ltr'>verbum</span> <span class='ocrx_word' id='word_1_228' title='bbox 862 2007 897 2039; x_wconf 93' lang='lat' dir='ltr'>in</span> <span class='ocrx_word' id='word_1_229' title='bbox 923 2011 1040 2039; x_wconf 91' lang='lat' dir='ltr'>monte</span> <span class='ocrx_word' id='word_1_230' title='bbox 1057 2005 1122 2039; x_wconf 92' lang='lat' dir='ltr'>illo</span> <span class='ocrx_word' id='word_1_231' title='bbox 1137 2005 1428 2039; x_wconf 84' lang='lat' dir='ltr'>submonstratum</span> <span class='ocrx_word' id='word_1_232' title='bbox 1441 2005 1580 2049; x_wconf 85' lang='lat' dir='ltr'>quidem</span> <span class='ocrx_word' id='word_1_233' title='bbox 1595 2014 1687 2046; x_wconf 83' lang='lat' dir='ltr'>esse,</span> 
     </span>
     <span class='ocr_line' id='line_1_30' title="bbox 235 2051 1687 2097; baseline 0 -13"><span class='ocrx_word' id='word_1_234' title='bbox 235 2061 307 2085; x_wconf 90' lang='lat' dir='ltr'>non</span> <span class='ocrx_word' id='word_1_235' title='bbox 335 2057 450 2086; x_wconf 88' lang='lat' dir='ltr'>autem</span> <span class='ocrx_word' id='word_1_236' title='bbox 477 2059 703 2086; x_wconf 85' lang='lat' dir='ltr'>monstratum</span> <span class='ocrx_word' id='word_1_237' title='bbox 733 2059 767 2087; x_wconf 88' lang='lat' dir='ltr'>et</span> <span class='ocrx_word' id='word_1_238' title='bbox 798 2053 1069 2097; x_wconf 83' lang='lat' dir='ltr'>subaperuisse‚</span> <span class='ocrx_word' id='word_1_239' title='bbox 1096 2063 1166 2086; x_wconf 89' lang='lat' dir='ltr'>non</span> <span class='ocrx_word' id='word_1_240' title='bbox 1195 2053 1377 2096; x_wconf 80' lang='lat' dir='ltr'>aperuisse</span> <span class='ocrx_word' id='word_1_241' title='bbox 1402 2053 1581 2085; x_wconf 87' lang='lat' dir='ltr'>increatae</span> <span class='ocrx_word' id='word_1_242' title='bbox 1607 2051 1687 2085; x_wconf 89' lang='lat' dir='ltr'>dei-</span> 
     </span>
     <span class='ocr_line' id='line_1_31' title="bbox 235 2097 1687 2135; baseline 0 -4"><span class='ocrx_word' id='word_1_243' title='bbox 235 2097 319 2132; x_wconf 85' lang='lat' dir='ltr'>tatis</span> <span class='ocrx_word' id='word_1_244' title='bbox 346 2100 534 2133; x_wconf 80' lang='lat' dir='ltr'><strong>essentiam</strong></span> <span class='ocrx_word' id='word_1_245' title='bbox 562 2106 597 2134; x_wconf 84' lang='lat' dir='ltr'>et</span> <span class='ocrx_word' id='word_1_246' title='bbox 621 2111 691 2134; x_wconf 90' lang='lat' dir='ltr'>non</span> <span class='ocrx_word' id='word_1_247' title='bbox 717 2101 862 2135; x_wconf 83' lang='lat' dir='ltr'>alteram</span> <span class='ocrx_word' id='word_1_248' title='bbox 890 2101 1067 2134; x_wconf 85' lang='lat' dir='ltr'>essentiae</span> <span class='ocrx_word' id='word_1_249' title='bbox 1092 2110 1177 2133; x_wconf 82' lang='lat' dir='ltr'>suae</span> <span class='ocrx_word' id='word_1_250' title='bbox 1195 2100 1358 2133; x_wconf 83' lang='lat' dir='ltr'>deitatem</span> <span class='ocrx_word' id='word_1_251' title='bbox 1383 2097 1687 2132; x_wconf 78' lang='lat' dir='ltr'>insubstantialem</span> 
     </span>
     <span class='ocr_line' id='line_1_32' title="bbox 237 2146 1685 2188; baseline 0 -10"><span class='ocrx_word' id='word_1_252' title='bbox 237 2151 273 2179; x_wconf 88' lang='lat' dir='ltr'>et</span> <span class='ocrx_word' id='word_1_253' title='bbox 304 2146 481 2180; x_wconf 84' lang='lat' dir='ltr'>visibilem</span> <span class='ocrx_word' id='word_1_254' title='bbox 518 2153 553 2181; x_wconf 88' lang='lat' dir='ltr'>et</span> <span class='ocrx_word' id='word_1_255' title='bbox 590 2148 781 2182; x_wconf 88' lang='lat' dir='ltr'>increatam</span> <span class='ocrx_word' id='word_1_256' title='bbox 808 2154 845 2181; x_wconf 81' lang='lat' dir='ltr'>et</span> <span class='ocrx_word' id='word_1_257' title='bbox 867 2149 1060 2181; x_wconf 84' lang='lat' dir='ltr'>subiectam</span> <span class='ocrx_word' id='word_1_258' title='bbox 1087 2148 1249 2180; x_wconf 81' lang='lat' dir='ltr'>effecisse</span> <span class='ocrx_word' id='word_1_259' title='bbox 1279 2147 1470 2180; x_wconf 85' lang='lat' dir='ltr'>secundum</span> <span class='ocrx_word' id='word_1_260' title='bbox 1496 2146 1685 2188; x_wconf 84' lang='lat' dir='ltr'>impiorum</span> 
     </span>
     <span class='ocr_line' id='line_1_33' title="bbox 236 2193 1687 2238; baseline 0.001 -14"><span class='ocrx_word' id='word_1_261' title='bbox 236 2193 453 2236; x_wconf 77' lang='lat' dir='ltr'>opinionem.</span> <span class='ocrx_word' id='word_1_262' title='bbox 517 2194 689 2228; x_wconf 89' lang='lat' dir='ltr'>humanae</span> <span class='ocrx_word' id='word_1_263' title='bbox 724 2197 816 2229; x_wconf 83' lang='lat' dir='ltr'>enim</span> <span class='ocrx_word' id='word_1_264' title='bbox 864 2196 996 2229; x_wconf 86' lang='lat' dir='ltr'>formae</span> <span class='ocrx_word' id='word_1_265' title='bbox 1031 2195 1181 2229; x_wconf 75' lang='lat' dir='ltr'>variatio</span> <span class='ocrx_word' id='word_1_266' title='bbox 1218 2194 1283 2228; x_wconf 81' lang='lat' dir='ltr'>fuit</span> <span class='ocrx_word' id='word_1_267' title='bbox 1325 2194 1612 2238; x_wconf 84' lang='lat' dir='ltr'>transfiguratio,</span> <span class='ocrx_word' id='word_1_268' title='bbox 1652 2197 1687 2226; x_wconf 85' lang='lat' dir='ltr'>et</span> 
     </span>
     <span class='ocr_line' id='line_1_34' title="bbox 235 2242 1685 2285; baseline -0.001 -12"><span class='ocrx_word' id='word_1_269' title='bbox 235 2250 306 2273; x_wconf 88' lang='lat' dir='ltr'>non</span> <span class='ocrx_word' id='word_1_270' title='bbox 339 2243 548 2284; x_wconf 80' lang='lat' dir='ltr'>permutatio</span> <span class='ocrx_word' id='word_1_271' title='bbox 576 2243 801 2277; x_wconf 83' lang='lat' dir='ltr'>immutabilis</span> <span class='ocrx_word' id='word_1_272' title='bbox 826 2243 980 2276; x_wconf 80' lang='lat' dir='ltr'>deitatis.</span> <span class='ocrx_word' id='word_1_273' title='bbox 1043 2248 1081 2276; x_wconf 90' lang='lat' dir='ltr'>ut</span> <span class='ocrx_word' id='word_1_274' title='bbox 1118 2248 1222 2285; x_wconf 90' lang='lat' dir='ltr'>poeta</span> <span class='ocrx_word' id='word_1_275' title='bbox 1255 2242 1340 2275; x_wconf 90' lang='lat' dir='ltr'>dicit</span> <span class='ocrx_word' id='word_1_276' title='bbox 1362 2242 1502 2274; x_wconf 82' lang='lat' dir='ltr'>divinus</span> <span class='ocrx_word' id='word_1_277' title='bbox 1529 2250 1685 2273; x_wconf 70' lang='lat' dir='ltr'>eosmasz</span> 
     </span>
     <span class='ocr_line' id='line_1_35' title="bbox 236 2287 1685 2323; baseline -0.001 -2"><span class='ocrx_word' id='word_1_278' title='bbox 236 2287 420 2321; x_wconf 78' lang='lat' dir='ltr'><strong>humanam</strong></span> <span class='ocrx_word' id='word_1_279' title='bbox 446 2289 619 2323; x_wconf 86' lang='lat' dir='ltr'>occultam</span> <span class='ocrx_word' id='word_1_280' title='bbox 647 2290 729 2323; x_wconf 90' lang='lat' dir='ltr'>olim</span> <span class='ocrx_word' id='word_1_281' title='bbox 757 2295 914 2323; x_wconf 87' lang='lat' dir='ltr'>naturam</span> <span class='ocrx_word' id='word_1_282' title='bbox 941 2290 1148 2323; x_wconf 83' lang='lat' dir='ltr'>illuminasti</span> <span class='ocrx_word' id='word_1_283' title='bbox 1176 2295 1211 2323; x_wconf 88' lang='lat' dir='ltr'>et</span> <span class='ocrx_word' id='word_1_284' title='bbox 1225 2289 1421 2323; x_wconf 83' lang='lat' dir='ltr'>variatione</span> <span class='ocrx_word' id='word_1_285' title='bbox 1444 2288 1578 2321; x_wconf 80' lang='lat' dir='ltr'>formae</span> <span class='ocrx_word' id='word_1_286' title='bbox 1603 2292 1685 2320; x_wconf 81' lang='lat' dir='ltr'>tuae</span> 
     </span>
     <span class='ocr_line' id='line_1_36' title="bbox 235 2334 1685 2382; baseline 0 -15"><span class='ocrx_word' id='word_1_287' title='bbox 235 2335 335 2368; x_wconf 87' lang='lat' dir='ltr'>deum</span> <span class='ocrx_word' id='word_1_288' title='bbox 367 2336 565 2370; x_wconf 83' lang='lat' dir='ltr'>ostendisti.</span> <span class='ocrx_word' id='word_1_289' title='bbox 615 2338 644 2371; x_wconf 82' lang='lat' dir='ltr'>si</span> <span class='ocrx_word' id='word_1_290' title='bbox 669 2338 903 2372; x_wconf 86' lang='lat' dir='ltr'>adiiciendum</span> <span class='ocrx_word' id='word_1_291' title='bbox 931 2343 984 2371; x_wconf 87' lang='lat' dir='ltr'>est</span> <span class='ocrx_word' id='word_1_292' title='bbox 1008 2337 1141 2382; x_wconf 89' lang='lat' dir='ltr'>aliquid</span> <span class='ocrx_word' id='word_1_293' title='bbox 1172 2337 1215 2370; x_wconf 91' lang='lat' dir='ltr'>de</span> <span class='ocrx_word' id='word_1_294' title='bbox 1243 2336 1306 2369; x_wconf 90' lang='lat' dir='ltr'>hac</span> <span class='ocrx_word' id='word_1_295' title='bbox 1333 2347 1384 2379; x_wconf 85' lang='lat' dir='ltr'>re,</span> <span class='ocrx_word' id='word_1_296' title='bbox 1411 2336 1551 2369; x_wconf 82' lang='lat' dir='ltr'>divinus</span> <span class='ocrx_word' id='word_1_297' title='bbox 1567 2334 1685 2377; x_wconf 76' lang='lat' dir='ltr'>Chry-</span> 
     </span>
     <span class='ocr_line' id='line_1_37' title="bbox 235 2382 1683 2429; baseline 0 -15"><span class='ocrx_word' id='word_1_298' title='bbox 235 2387 411 2415; x_wconf 80' lang='lat' dir='ltr'>sostomus</span> <span class='ocrx_word' id='word_1_299' title='bbox 438 2383 600 2418; x_wconf 86' lang='lat' dir='ltr'>disserit:</span> <span class='ocrx_word' id='word_1_300' title='bbox 628 2386 904 2428; x_wconf 79' lang='lat' dir='ltr'>proficiscamur,</span> <span class='ocrx_word' id='word_1_301' title='bbox 931 2385 1057 2429; x_wconf 90' lang='lat' dir='ltr'>inquit,</span> <span class='ocrx_word' id='word_1_302' title='bbox 1085 2385 1120 2417; x_wconf 91' lang='lat' dir='ltr'>in</span> <span class='ocrx_word' id='word_1_303' title='bbox 1147 2384 1306 2418; x_wconf 86' lang='lat' dir='ltr'>oratione</span> <span class='ocrx_word' id='word_1_304' title='bbox 1331 2388 1452 2416; x_wconf 85' lang='lat' dir='ltr'>nostra</span> <span class='ocrx_word' id='word_1_305' title='bbox 1479 2382 1521 2415; x_wconf 86' lang='lat' dir='ltr'>ad</span> <span class='ocrx_word' id='word_1_306' title='bbox 1548 2382 1683 2423; x_wconf 83' lang='lat' dir='ltr'>urbem,</span> 
     </span>
     <span class='ocr_line' id='line_1_38' title="bbox 235 2428 1682 2475; baseline 0 -14"><span class='ocrx_word' id='word_1_307' title='bbox 235 2428 294 2462; x_wconf 85' lang='lat' dir='ltr'>ubi</span> <span class='ocrx_word' id='word_1_308' title='bbox 321 2430 587 2475; x_wconf 86' lang='lat' dir='ltr'>transfiguratus</span> <span class='ocrx_word' id='word_1_309' title='bbox 613 2438 666 2466; x_wconf 78' lang='lat' dir='ltr'>est</span> <span class='ocrx_word' id='word_1_310' title='bbox 692 2433 866 2467; x_wconf 86' lang='lat' dir='ltr'>Christus.</span> <span class='ocrx_word' id='word_1_311' title='bbox 916 2433 1097 2466; x_wconf 78' lang='lat' dir='ltr'>videamus</span> <span class='ocrx_word' id='word_1_312' title='bbox 1125 2442 1202 2465; x_wconf 84' lang='lat' dir='ltr'>eum</span> <span class='ocrx_word' id='word_1_313' title='bbox 1231 2431 1406 2464; x_wconf 85' lang='lat' dir='ltr'>lucentem</span> <span class='ocrx_word' id='word_1_314' title='bbox 1424 2431 1516 2463; x_wconf 85' lang='lat' dir='ltr'>sicut</span> <span class='ocrx_word' id='word_1_315' title='bbox 1531 2428 1682 2462; x_wconf 79' lang='lat' dir='ltr'>lucebat.</span> 
     </span>
     <span class='ocr_line' id='line_1_39' title="bbox 236 2476 1684 2522; baseline 0 -14"><span class='ocrx_word' id='word_1_316' title='bbox 236 2486 442 2521; x_wconf 88' lang='lat' dir='ltr'>quamquam</span> <span class='ocrx_word' id='word_1_317' title='bbox 469 2488 540 2511; x_wconf 89' lang='lat' dir='ltr'>non</span> <span class='ocrx_word' id='word_1_318' title='bbox 569 2479 618 2512; x_wconf 88' lang='lat' dir='ltr'>ita</span> <span class='ocrx_word' id='word_1_319' title='bbox 648 2490 783 2513; x_wconf 86' lang='lat' dir='ltr'>omnem</span> <span class='ocrx_word' id='word_1_320' title='bbox 809 2480 911 2512; x_wconf 83' lang='lat' dir='ltr'>nobis</span> <span class='ocrx_word' id='word_1_321' title='bbox 939 2479 1045 2512; x_wconf 85' lang='lat' dir='ltr'>futuri</span> <span class='ocrx_word' id='word_1_322' title='bbox 1060 2480 1227 2522; x_wconf 87' lang='lat' dir='ltr'>temporis</span> <span class='ocrx_word' id='word_1_323' title='bbox 1244 2478 1392 2522; x_wconf 84' lang='lat' dir='ltr'>gloriam</span> <span class='ocrx_word' id='word_1_324' title='bbox 1405 2476 1580 2517; x_wconf 81' lang='lat' dir='ltr'>ostendit3</span> <span class='ocrx_word' id='word_1_325' title='bbox 1606 2485 1684 2509; x_wconf 86' lang='lat' dir='ltr'>nam</span> 
     </span>
     <span class='ocr_line' id='line_1_40' title="bbox 235 2523 1683 2571; baseline 0 -16"><span class='ocrx_word' id='word_1_326' title='bbox 235 2524 488 2568; x_wconf 81' lang='lat' dir='ltr'>mitigationem</span> <span class='ocrx_word' id='word_1_327' title='bbox 516 2535 595 2558; x_wconf 82' lang='lat' dir='ltr'>esse</span> <span class='ocrx_word' id='word_1_328' title='bbox 621 2527 655 2560; x_wconf 89' lang='lat' dir='ltr'>id</span> <span class='ocrx_word' id='word_1_329' title='bbox 681 2528 773 2571; x_wconf 90' lang='lat' dir='ltr'>quod</span> <span class='ocrx_word' id='word_1_330' title='bbox 802 2527 983 2570; x_wconf 85' lang='lat' dir='ltr'>apparuit,</span> <span class='ocrx_word' id='word_1_331' title='bbox 1011 2537 1080 2560; x_wconf 91' lang='lat' dir='ltr'>non</span> <span class='ocrx_word' id='word_1_332' title='bbox 1111 2531 1305 2559; x_wconf 82' lang='lat' dir='ltr'>accuratam</span> <span class='ocrx_word' id='word_1_333' title='bbox 1330 2527 1382 2558; x_wconf 86' lang='lat' dir='ltr'>rei</span> <span class='ocrx_word' id='word_1_334' title='bbox 1409 2523 1683 2571; x_wconf 74' lang='lat' dir='ltr'>patefactionem</span> 
     </span>
     <span class='ocr_line' id='line_1_41' title="bbox 237 2569 1682 2618; baseline 0.001 -16"><span class='ocrx_word' id='word_1_335' title='bbox 237 2580 280 2603; x_wconf 85' lang='lat' dir='ltr'>ex</span> <span class='ocrx_word' id='word_1_336' title='bbox 306 2571 391 2613; x_wconf 78' lang='lat' dir='ltr'>ipsis</span> <span class='ocrx_word' id='word_1_337' title='bbox 419 2572 599 2616; x_wconf 88' lang='lat' dir='ltr'>evangelii</span> <span class='ocrx_word' id='word_1_338' title='bbox 626 2574 745 2607; x_wconf 88' lang='lat' dir='ltr'>verbis</span> <span class='ocrx_word' id='word_1_339' title='bbox 771 2579 928 2617; x_wconf 86' lang='lat' dir='ltr'>apparet.</span> <span class='ocrx_word' id='word_1_340' title='bbox 983 2575 1063 2618; x_wconf 89' lang='lat' dir='ltr'>quid</span> <span class='ocrx_word' id='word_1_341' title='bbox 1090 2574 1191 2606; x_wconf 88' lang='lat' dir='ltr'>enim.</span> <span class='ocrx_word' id='word_1_342' title='bbox 1228 2572 1362 2616; x_wconf 80' lang='lat' dir='ltr'>inquit,</span> <span class='ocrx_word' id='word_1_343' title='bbox 1386 2571 1527 2605; x_wconf 81' lang='lat' dir='ltr'>lucebat</span> <span class='ocrx_word' id='word_1_344' title='bbox 1553 2575 1591 2604; x_wconf 91' lang='lat' dir='ltr'>ut</span> <span class='ocrx_word' id='word_1_345' title='bbox 1615 2569 1682 2603; x_wconf 78' lang='lat' dir='ltr'>sol.</span> 
     </span>
     <span class='ocr_line' id='line_1_42' title="bbox 236 2617 1684 2666; baseline 0 -17"><span class='ocrx_word' id='word_1_346' title='bbox 236 2617 557 2662; x_wconf 86' lang='lat' dir='ltr'>incorruptibilium</span> <span class='ocrx_word' id='word_1_347' title='bbox 586 2631 771 2664; x_wconf 86' lang='lat' dir='ltr'>corporum</span> <span class='ocrx_word' id='word_1_348' title='bbox 800 2622 917 2666; x_wconf 73' lang='lat' dir='ltr'>gloria</span> <span class='ocrx_word' id='word_1_349' title='bbox 940 2631 1010 2654; x_wconf 89' lang='lat' dir='ltr'>non</span> <span class='ocrx_word' id='word_1_350' title='bbox 1037 2627 1165 2654; x_wconf 91' lang='lat' dir='ltr'>tantam</span> <span class='ocrx_word' id='word_1_351' title='bbox 1193 2621 1320 2653; x_wconf 86' lang='lat' dir='ltr'>emittit</span> <span class='ocrx_word' id='word_1_352' title='bbox 1351 2619 1488 2658; x_wconf 77' lang='lat' dir='ltr'>lucem,</span> <span class='ocrx_word' id='word_1_353' title='bbox 1522 2622 1684 2662; x_wconf 88' lang='lat' dir='ltr'>quantam</span> 
     </span>
     <span class='ocr_line' id='line_1_43' title="bbox 236 2663 1684 2712; baseline -0.001 -15"><span class='ocrx_word' id='word_1_354' title='bbox 236 2663 304 2697; x_wconf 90' lang='lat' dir='ltr'>hoc</span> <span class='ocrx_word' id='word_1_355' title='bbox 333 2675 461 2708; x_wconf 83' lang='lat' dir='ltr'>corpus</span> <span class='ocrx_word' id='word_1_356' title='bbox 488 2669 719 2712; x_wconf 82' lang='lat' dir='ltr'>corruptibile</span> <span class='ocrx_word' id='word_1_357' title='bbox 744 2679 811 2701; x_wconf 88' lang='lat' dir='ltr'>nec</span> <span class='ocrx_word' id='word_1_358' title='bbox 838 2668 975 2712; x_wconf 81' lang='lat' dir='ltr'>qualem</span> <span class='ocrx_word' id='word_1_359' title='bbox 1005 2668 1163 2702; x_wconf 81' lang='lat' dir='ltr'>humanis</span> <span class='ocrx_word' id='word_1_360' title='bbox 1190 2667 1404 2700; x_wconf 82' lang='lat' dir='ltr'>oculislicet</span> <span class='ocrx_word' id='word_1_361' title='bbox 1429 2666 1519 2706; x_wconf 87' lang='lat' dir='ltr'>fieri,</span> <span class='ocrx_word' id='word_1_362' title='bbox 1545 2665 1606 2697; x_wconf 69' lang='lat' dir='ltr'>sed</span> <span class='ocrx_word' id='word_1_363' title='bbox 1626 2666 1684 2697; x_wconf 88' lang='lat' dir='ltr'>in-</span> 
     </span>
     <span class='ocr_line' id='line_1_44' title="bbox 238 2711 1686 2759; baseline 0.001 -16"><span class='ocrx_word' id='word_1_364' title='bbox 238 2713 529 2755; x_wconf 88' lang='lat' dir='ltr'>corruptibilibus</span> <span class='ocrx_word' id='word_1_365' title='bbox 555 2720 589 2747; x_wconf 87' lang='lat' dir='ltr'>et</span> <span class='ocrx_word' id='word_1_366' title='bbox 614 2716 868 2749; x_wconf 84' lang='lat' dir='ltr'>immortalibus</span> <span class='ocrx_word' id='word_1_367' title='bbox 898 2716 1012 2749; x_wconf 87' lang='lat' dir='ltr'>oculis</span> <span class='ocrx_word' id='word_1_368' title='bbox 1040 2726 1128 2759; x_wconf 87' lang='lat' dir='ltr'>opus</span> <span class='ocrx_word' id='word_1_369' title='bbox 1157 2720 1209 2749; x_wconf 82' lang='lat' dir='ltr'>est</span> <span class='ocrx_word' id='word_1_370' title='bbox 1233 2716 1275 2748; x_wconf 83' lang='lat' dir='ltr'>ad</span> <span class='ocrx_word' id='word_1_371' title='bbox 1302 2715 1378 2747; x_wconf 83' lang='lat' dir='ltr'>eius</span> <span class='ocrx_word' id='word_1_372' title='bbox 1412 2711 1686 2755; x_wconf 79' lang='lat' dir='ltr'>contemplatio-</span> 
     </span>
     <span class='ocr_line' id='line_1_45' title="bbox 236 2755 1687 2810; baseline 0.002 -19"><span class='ocrx_word' id='word_1_373' title='bbox 236 2766 331 2798; x_wconf 75' lang='lat' dir='ltr'>nem.</span> <span class='ocrx_word' id='word_1_374' title='bbox 381 2759 562 2799; x_wconf 79' lang='lat' dir='ltr'>audisne?</span> <span class='ocrx_word' id='word_1_375' title='bbox 590 2772 660 2800; x_wconf 86' lang='lat' dir='ltr'>non</span> <span class='ocrx_word' id='word_1_376' title='bbox 677 2755 767 2799; x_wconf 76' lang='lat' dir='ltr'>euim</span> <span class='ocrx_word' id='word_1_377' title='bbox 793 2763 1064 2807; x_wconf 72' lang='lat' dir='ltr'>incorruptibile</span> <span class='ocrx_word' id='word_1_378' title='bbox 1091 2772 1218 2810; x_wconf 78' lang='lat' dir='ltr'>corpus</span> <span class='ocrx_word' id='word_1_379' title='bbox 1240 2772 1259 2795; x_wconf 86' lang='lat' dir='ltr'>e</span> <span class='ocrx_word' id='word_1_380' title='bbox 1285 2762 1426 2810; x_wconf 72' lang='lat' dir='ltr'>virgine</span> <span class='ocrx_word' id='word_1_381' title='bbox 1441 2760 1573 2794; x_wconf 76' lang='lat' dir='ltr'>habuit.</span> <span class='ocrx_word' id='word_1_382' title='bbox 1598 2758 1687 2794; x_wconf 70' lang='lat' dir='ltr'>hnee</span> 
     </span>
    </p>
   </div>
  </div>
 </body>
</html>
