1826 3120
61 254 209 289 -81

54 843 80 883 f.
100 843 168 882 132
180 855 213 881 a.

219 105 252 184 ‘1
261 133 324 182 52
623 141 920 186 NICEPHORI
962 139 1266 186 GREGORAE

362 249 532 292 Τούτων
562 252 604 292 δ’
641 246 777 300 οὕτως
821 247 1002 305 ἐχόντων
1045 248 1184 301 ἔδοξεν
1214 249 1370 309 Εἰρήνῃ
1412 252 1463 308 τῇ
1497 250 1685 306 βασιλίδι

225 315 268 368 ἔς
295 333 338 360 τε
364 316 610 372 Ὀρεστιάδα
650 316 723 359 καί
747 315 1059 372 Διδυμότειχον
1099 314 1282 374 διαβάσῃ
1330 316 1551 368 διαλλάξαι
1592 315 1689 367 τούς

225 386 345 434 νέους
374 383 594 438 ἀλλήλοις,
640 386 681 426 εἰ
723 386 947 439 δυνηθείη,
992 386 1191 436 βαθείαις
1227 385 1338 426 τισίν
1378 383 1584 438 ὖποψιάις
1623 384 1687 426 ἐπ’

227 449 430 505 ἆλλήλους
458 453 719 505 χρωμένους,
749 450 916 507 οιῖδαμῇ
944 450 988 492 τὸ
1021 449 1245 492 ἔνσπονδον
1273 450 1464 493 σύνοικον
1485 452 1689 506 κεκτημέ-

226 533 342 571 ναις,
379 520 608 560 Marem-ov
651 515 811 573 δηλαδή
854 517 925 560 τὸν
964 516 1053 560 υἱὸν
1096 516 1169 560 καί
1210 516 1282 560 τόν
1313 533 1359 573 γε
1398 517 1470 561 ε’πί
1505 520 1720 572 θυγατρίὸ

228 583 420 638 γαμβρὸν
454 584 751 638 Παλαιολόγον
772 581 846 626 τόν
870 587 1065 638 βασιλέα,
1097 589 1478 641 συμπαρειληφυῖα
1508 583 1614 640 πρός
1641 600 1687 638 γε

226 657 315 699 τοῖς
346 644 488 701 ἄλλοις
520 653 592 693 καί
619 652 702 693 τῶν
731 651 965 706 α’ρχιερέων
1013 651 1090 693 δύο
1127 651 1414 706 συνεκδήμους
1446 652 1690 706 μαρτυρίας

228 719 362 771 ἕνεκα,
392 719 464 759 καί
494 715 582 770 ἅμα
599 713 832 773 “Ἀγγελον,
873 712 906 776 ᾧ
939 721 1148 776 καθολικῷ
1180 719 1408 774 τηνικαῦτα
1436 719 1691 772 συμπέπτω-

227 799 296 824 κεν
326 780 434 826 εἶναι
464 786 611 842 κριτῇ·
658 782 704 834 ὃς
733 787 807 840 τῆς
837 787 1038 840 πατρίδος
1066 788 1260 828 ἐντεῦθεν
1290 786 1442 836 ἐξιέναι
1469 786 1690 838 μέλλοντος

227 852 334 902 ἐμοῦ
362 849 473 892 πάνυ
496 868 537 894 τι
569 855 659 901 νέος
690 848 739 907 ἧν
781 852 853 894 καί
888 849 1006 894 οὔπω
1045 848 1161 906 οἶμαι
1203 851 1383 908 ἔφηβος,
1413 853 1445 878 “
1470 852 1624 906 εὐγενῆ
1652 853 1689 894 δ’
1705 859 1748 895 10

230 913 343 970 ὅμως
383 918 681 975 ὗπεζωγράφει
716 918 792 974 τήν
835 922 877 969 ἐς
915 918 1063 973 λόγους
1103 917 1264 961 ἐκεῖθεν
1293 919 1452 976 φύσιν,
1477 918 1550 961 καί
1575 918 1691 971 μάλα

228 987 583 1040 ε’παγγελλομένην
624 985 730 1039 πρὸς
759 988 897 1028 πᾶσαν
937 987 1090 1041 α’ρετῆς
1120 986 1237 1028 ι’δέαν
1270 987 1412 1043 εὔφυᾶ
1457 984 1529 1028 τόν
1556 981 1692 1041 ἄνδρα

227 1050 277 1093 τοὶ
307 1051 612 1103 συντομώτατα
651 1052 941 1107 καταστήσειν.
1018 1052 1178 1102 πάντας
1215 1052 1296 1107 γὰρ
1341 1049 1432 1095 ὅσοι
1480 1054 1561 1095 τῶν
1602 1049 1693 1107 ἅμα

231 1116 346 1175 adu?
375 1120 446 1172 τῆς
475 1120 550 1173 σῆς
577 1120 732 1174 σοφίας
765 1114 873 1173 ἦσαν
903 1121 1003 1169 τέως
1034 1119 1268 1173 ἀκροαταί,
1310 1120 1383 1161 καί
1409 1120 1491 1163 τῶν
1518 1118 1591 1173 τῆς
1619 1119 1695 1172 σῆς

230 1185 509 1233 διδασκαλίας
538 1187 696 1241 ἐκείνης
724 1187 941 1241 κρατήρων
971 1188 1194 1242 φοιτῶντες
1226 1184 1469 1242 α’πήλαυον,
1517 1191 1695 1240 μακροῖς
1708 1192 1751 1228 15

229 1250 474 1306 παρήλαυνε
503 1258 590 1301 τοῖς
616 1255 785 1308 μέτροις
815 1251 959 1311 δρόμῳ
987 1268 1031 1294 τε
1059 1253 1239 1308 γλώττης
1273 1255 1347 1296 καί
1374 1254 1564 1302 διανοίας
1595 1252 1696 1304 ὀξύ-

229 1333 337 1372 τητι.
378 1320 452 1360 νῦν
478 1320 525 1360 δὲ
555 1311 629 1373 τῆς
657 1321 825 1372 μακρᾶς
851 1321 1008 1374 ἐκείνης
1035 1320 1276 1373 α’ποδημίας
1294 1317 1532 1375 ἀνειληφώς
1559 1320 1695 1370 ε’μαυ-

231 1382 315 1441 τόν,
344 1386 416 1438 τῆς
448 1387 628 1439 φυσικῆς
658 1387 815 1441 ἐκείνης
846 1387 1094 1440 ἐπαγγελίας
1134 1386 1292 1438 α”μείνω
1333 1385 1433 1440 περί
1457 1384 1531 1429 τόν
1559 1381 1693 1440 ἄνδρα

232 1454 374 1505 βλέπω
417 1450 493 1506 τήν
529 1449 715 1507 βλάστην
759 1452 832 1494 καί
877 1454 1130 1508 προοιμίων·
1154 1455 1321 1495 ἐκεινων
1366 1456 1504 1511 πολλῷ
1532 1452 1584 1495 τὰ
1620 1454 1696 1495 νῦν

231 1515 575 1572 συμπεράσματα
603 1518 900 1575 κραταιότερα.
961 1519 1025 1561 διὸ
1058 1521 1132 1562 καί
1154 1521 1374 1575 βασιλικῆς
1401 1517 1622 1575 ἐγγότητός
1652 1535 1695 1563 τε
1708 1522 1754 1559 20

233 1586 306 1626 καί
331 1581 552 1637 εὐμενείας
581 1585 754 1636 ου’δενός
783 1589 866 1629 τῶν
897 1586 1202 1641 περιλάμπρων
1238 1586 1404 1641 ἀνδρῶν
1434 1587 1696 1642 ἐνδεέστερον

232 1652 462 1705 μετέχοντα
491 1655 656 1705 βλέπων
682 1651 754 1695 τὸν
789 1649 925 1707 ἄνδρα
962 1647 1146 1708 γέγηθα·
1221 1647 1301 1709 ἤδη
1339 1651 1423 1708 γάρ
1455 1654 1514 1694 δι’
1543 1653 1695 1708 α’ρετῆς

232 1720 481 1771 περιουσίαν
518 1718 596 1760 κᾶν
640 1721 788 1773 μέσοις
826 1726 913 1769 τοῖς
940 1723 1173 1773 βασιλείοις
1212 1721 1613 1777 πεπαρρησιασμένῃ
1645 1720 1696 1777 τῇ

231 1783 394 1842 γλώττῃ
434 1787 594 1828 διέπειν
635 1784 733 1837 τούς
780 1789 853 1842 τῆς
898 1787 1148 1836 εὕθυδικιάς
1187 1788 1378 1829 τέτακται
1417 1783 1578 1840 νόμους
1625 1788 1698 1827 καί

232 1852 313 1894 τῶν
346 1852 560 1908 δημοσίων
596 1853 854 1908 πραγμάτων
894 1854 1123 1906 οἰκονομεῖν
1164 1855 1209 1895 ἐν
1243 1849 1389 1909 κρίσει
1418 1851 1519 1902 τούς
1546 1850 1694 1907 λόγους
1707 1863 1752 1898 25

368 2042 466 2084 Quae
494 2054 598 2087 quum
624 2044 672 2077 ita
698 2055 737 2078 se
763 2043 934 2077 haberent
958 2043 1089 2077 Eirene
1125 2043 1250 2087 regina
1276 2041 1495 2076 Orestiadem
1520 2046 1556 2075 et
1579 2041 1694 2085 Didy-

234 2089 426 2122 moticlium
453 2091 613 2133 prosecta
640 2097 692 2125 est
717 2096 755 2124 ut
781 2091 966 2125 distineret
981 2091 1105 2124 affines
1133 2091 1193 2135 qui
1219 2090 1399 2123 affinitatis
1425 2088 1578 2123 vinculis
1604 2098 1693 2122 con..

237 2137 355 2170 temtis
381 2137 474 2170 inter
498 2148 537 2170 se
563 2137 774 2172 discordiam
812 2138 1045 2178 exercebant,
1076 2137 1286 2172 Matthaeum
1326 2136 1435 2169 filium
1464 2141 1499 2169 et
1523 2146 1693 2180 generum

236 2182 490 2227 Palaeologum
516 2195 651 2229 regem.
701 2187 736 2219 in
765 2185 933 2218 comitatu
958 2186 1051 2218 inter
1075 2184 1167 2218 alios
1192 2193 1309 2217 secum
1336 2183 1436 2216 duxit
1458 2183 1544 2216 duos
1570 2193 1693 2216 sacer-

237 2230 337 2263 dotes
364 2231 423 2274 qui
449 2236 559 2264 testes
585 2239 704 2266 essent
731 2238 766 2266 et
787 2231 963 2275 Angelum
1001 2232 1060 2276 qui
1086 2231 1151 2265 illo
1187 2237 1345 2274 tempore
1371 2229 1540 2263 catholici
1565 2229 1693 2263 iudicis

235 2287 382 2311 munere
414 2278 636 2322 fungebatur.
689 2279 746 2313 hic
771 2289 839 2324 quo
866 2285 1025 2323 tempore
1050 2279 1194 2322 patriam
1220 2287 1330 2311 meam
1355 2276 1486 2321 reliqui
1511 2277 1693 2310 admodum

235 2325 377 2358 iuvenis
401 2326 551 2358 necdum
576 2327 609 2359 ni
639 2326 745 2360 fallor
770 2326 880 2370 pubes
916 2331 1002 2360 erat.
1052 2331 1167 2358 tamen
1200 2326 1267 2358 iam
1302 2323 1486 2368 praeclara
1511 2323 1626 2357 valuit
1649 2323 1694 2357 ad

236 2371 420 2405 dicendum
445 2378 569 2406 natura
591 2374 639 2406 ita
665 2379 703 2407 ut
726 2384 790 2407 nos
817 2384 914 2417 spem
942 2374 1106 2417 optimam
1132 2373 1175 2406 de
1203 2372 1278 2405 eius
1304 2372 1440 2416 ingenii
1467 2370 1692 2404 facultatibus

237 2429 457 2462 caperemus.
484 2429 605 2453 omnes
632 2422 722 2454 enim
750 2425 922 2465 quotquot
947 2430 1016 2454 una
1042 2430 1119 2453 cum
1145 2428 1187 2452 eo
1213 2419 1410 2462 sapientiae
1435 2422 1518 2451 tuae
1543 2418 1693 2451 studiosi

238 2471 337 2499 erant
365 2471 498 2511 tuaque
531 2467 719 2511 disciplina
742 2468 947 2502 fruebantur
980 2467 1089 2511 longe
1122 2466 1310 2510 superabat
1346 2464 1491 2508 linguae
1520 2464 1693 2498 facilitate

238 2518 273 2546 et
297 2514 425 2547 mentis
450 2515 622 2547 acumine.
672 2526 765 2549 nunc
785 2524 871 2549 vero
898 2515 928 2548 si
954 2519 1088 2557 tempus
1115 2523 1184 2558 quo
1210 2523 1229 2546 a
1254 2512 1367 2556 patria
1391 2512 1511 2544 absum
1537 2512 1692 2555 respicio

235 2560 368 2593 indolis
396 2561 471 2594 eius
502 2561 694 2595 bonitatem
719 2563 763 2596 ad
795 2561 961 2595 meliores
1002 2561 1122 2605 fruges
1150 2560 1359 2604 pervenisse
1395 2559 1557 2602 suspicor
1581 2559 1631 2592 ita
1655 2563 1695 2591 ut

237 2617 258 2641 a
282 2608 473 2651 prooemiis
501 2608 574 2642 illis
613 2610 680 2642 iam
705 2609 746 2643 ad
772 2609 897 2643 bonam
935 2609 1167 2641 maturitatem
1202 2606 1430 2651 processerit.
1481 2615 1590 2650 quare
1614 2605 1694 2639 dum

236 2655 351 2688 virum
376 2656 471 2698 regis
502 2666 571 2690 ,usu
611 2661 646 2688 et
670 2657 822 2690 amicitia
846 2666 917 2689 non
950 2656 1063 2688 minus
1093 2654 1162 2688 frui
1193 2654 1298 2687 video
1325 2663 1425 2697 quam
1451 2652 1692 2686 nobilissimos

237 2702 334 2735 viros
364 2702 514 2746 gaudeo.
565 2703 631 2735 iam
658 2709 802 2747 propter
828 2702 968 2737 virtutis
1003 2701 1249 2745 praestantiam
1282 2701 1393 2744 ipsius
1422 2700 1544 2744 regiae
1569 2699 1691 2732 domus

236 2748 367 2785 iudicia
396 2748 508 2785 libera
532 2748 653 2797 lingua
680 2751 886 2796 exsequitur
910 2750 1066 2796 itemque
1090 2748 1302 2785 iudiciorum
1337 2747 1380 2782 de
1404 2746 1510 2784 rebus
1536 2745 1689 2792 publicis
