1852 3138
206 156 503 209 msTomAE
541 155 889 203 BYzANTlNAE
921 161 1089 203 xxxn.
1118 147 1371 204 26-28.
1466 155 1563 205 393

6 299 10 306 ι
61 283 175 328 ,νων
200 264 352 311 πόθον.
423 265 449 309 ὃ
479 266 532 323 δὴ
563 267 789 323 κράτιστον
817 265 1069 325 ὁρμητήριον
1096 271 1156 320 εἰς
1187 264 1360 324 ἄγαλμα
1394 274 1564 327 φιλοτι-

89 337 194 391 μίας
231 335 395 395 γλώττῃ
423 334 503 379 σύν
530 351 576 391 γε
607 337 828 396 προθυμίᾳ
864 338 1001 391 λέγειν
1030 337 1235 396 ἐθελούσῃ
1266 352 1309 380 τε
1346 339 1420 380 καί
1457 335 1562 392 πρὸς

90 401 143 447 τᾰ
175 405 399 458 ε’ρρωμένα
428 406 501 460 τῆς
530 402 762 460 διηγήσεως
793 403 1000 462 α’φοροόσῃ
1025 407 1296 447 καθιᾛσταται

45 519 47 522 ,
219 469 326 527 'Eym'
356 474 404 516 δέ
433 488 480 516 σε
509 473 581 528 τῆς
611 473 696 515 τῶν
726 472 861 528 λόγων
889 473 1126 526 οἰκονομίας
1154 489 1225 516 και
1248 477 1322 528 τῆς
1347 491 1430 516 των
1460 473 1651 529 toti-20

0 534 6 572 ὗ
52 545 182 583 ὗπων
210 538 494 620 χρηστότητος
522 540 722 590 πολλάκις
749 538 1024 596 θαυμάσας,
1027 557 1060 582 ω
1093 542 1191 597 φίλε
1223 538 1461 597 Κλεόδημε,
1492 543 1568 584 νῦν

89 610 252 661 μᾶλλον
282 625 308 662 η
337 609 541 663 πρότερον
568 607 645 662 τὴν
675 611 735 658 εἰς
766 607 913 663 βραχὺ
945 611 1280 664 συνωθουμὲνην
1295 625 1364 651 σοι
1392 611 1475 652 τῶν
1492 607 1567 651 λό-

89 689 177 729 γων
214 668 379 728 ἄγαμαι
411 672 568 717 πειθώ.
641 677 761 718 ταῦτ’
808 668 892 730 ἄρα
921 678 996 717 καί
1035 673 1095 730 μή
1137 678 1285 717 λυπεῖν
1324 673 1485 718 ἐθέλων
1518 672 1567 718 ὃν

53 739 346 798 θεραπεύειν
367 741 541 797 εἰλὸμην
567 745 639 795 σέ,
671 743 759 797 ἐρῶ
798 745 891 796 μέν,
930 738 1083 797 μέτ’ρια
1120 744 1158 785 δ’
1202 744 1247 784 ἑκ
1277 745 1469 796 πολλῶν,
1497 746 1569 788 καί

72 823 174 851 οσα
204 806 416 863 ἀναγκαῖα
445 809 498 866 τῇ
524 812 651 870 χρείᾳ
680 827 748 853 και
782 813 842 868 τῷ
864 812 1012 867 καιρῷ,
1042 812 1118 866 σῆς
1138 827 1183 853 τε
1216 811 1466 868 ω’φελειάς“
1445 828 1565 854 ενεκα

33 883 79 922 10
90 876 164 918 κατ’
177 869 266 929 α’μα
295 892 379 918 των
396 890 466 919 σοι
481 879 785 934 παραπλησίως
814 874 1079 933 αἱρουμένων
1100 876 1271 921 α’κούειν
1296 881 1431 925 ταυτί.
1459 882 1500 923 εἰ
1518 881 1565 923 δὲ

89 942 270 992 κάλλους
301 943 464 986 ἐκείνου
494 943 722 998 γυμνώσας
750 943 824 1000 τήν
854 943 1015 1001 φράσιν
1056 944 1212 995 παντὸς
1242 944 1312 988 διά
1344 961 1387 988 τε
1416 949 1463 989 σὲ
1493 946 1568 988 καί
1612 984 1625 991 x

91 1006 184 1054 ὅσοι
212 1011 317 1054 κατά
343 1025 406 1064 σε,
436 1012 726 1067 ἕστενωμένην
753 1014 826 1054 καί
847 1012 1140 1068 ἁπλουστέραν
1161 1015 1364 1070 προθειήν
1393 1028 1460 1055 σοι
1491 1011 1567 1068 την

90 1078 320 1135 α’φήγησιν,
346 1078 526 1131 α’ναξίως
552 1081 632 1132 μὲν
647 1082 718 1134 τῆς
736 1082 795 1137 τῷ
809 1081 850 1122 Γ
848 1082 1008 1137 ρηγορᾷ
1027 1079 1295 1137 καθηκούσης
1312 1080 1430 1138 δόξης
1459 1097 1567 1123 παν-

89 1142 244 1188 ruinam
271 1147 402 1201 δρῶν,
422 1146 613 1198 ’ἀναξίως
656 1148 694 1189 δ’
725 1148 769 1190 εἴ
791 1164 855 1198 τις
900 1147 966 1204 εἴη
999 1145 1137 1202 κᾶμοῐ
1153 1147 1388 1205 σύντροφος
1418 1148 1566 1205 γνώμη

19 1221 133 1258 ἲ15ιέ
163 1213 238 1257 καὶ
265 1216 457 1267 παιδεία,
489 1213 582 1271 ὥρα
612 1231 679 1258 σοι
711 1218 864 1259 ἐννοεῖν
894 1218 990 1259 τίνα
1017 1218 1115 1259 ποτὲ
1147 1215 1218 1258 καὶ
1251 1212 1352 1272 ὅσην
1385 1216 1460 1271 τὴν
1489 1214 1568 1272 σὴν

89 1279 134 1325 ἐν
161 1287 247 1332 τοῖς
272 1284 344 1336 τῆς
373 1284 480 1338 ἐμῆς
509 1285 686 1340 καρδίας
725 1284 1070 1339 τεθησαυρισμαι
1100 1283 1271 1334 κόλποις
1306 1287 1470 1339 φιλίαν.
1529 1286 1569 1327 εἰ
1582 1295 1605 1330 f.
1626 1295 1693 1332 160
1706 1305 1741 1332 v.

89 1351 137 1393 δὲ
166 1349 326 1406 καὶμὴ
358 1347 410 1393 οὗ,
440 1350 547 1394 κατὰ
577 1350 650 1394 τόν
696 1351 772 1394 σὸν
812 1352 1009 1409 ἀπαντῴη
1055 1350 1208 1395 σκοπὸν
1236 1352 1256 1394 ὃ
1282 1353 1415 1407 λόγος,
1447 1355 1495 1395 σὲ
1526 1355 1564 1395 δ’

89 1417 345 1474 α’νεμέσητον
399 1417 496 1471 ἐμοὶ
529 1409 605 1473 τήν
644 1418 853 1474 ,πρόθεσιν
902 1422 978 1473 τῆς
1028 1422 1172 1475 ψυχῆς
1213 1436 1289 1462 σου
1333 1421 1563 1476 φυλάττειν

87 1482 358 1539 χρεων.τό
402 1488 483 1539 μὲν
513 1484 595 1540 γὰρ
637 1483 719 1527 υπό
751 1484 884 1542 τύχης
914 1503 972 1536 ως
1000 1485 1052 1530 τοὶ
1084 1486 1215 1529 πολλοὶ
1262 1491 1566 1542 τυραννεῖσθαι

29 1554 342 1605 2οσυμβαίνει,
387 1546 526 1595 αλλοτ’
558 1548 694 1595 ἄλλα
709 1556 957 1609 κεκτημένης
1001 1553 1075 1595 καὶ
1103 1552 1344 1609 ἀσύμφωνα
1375 1553 1426 1596 τά
1461 1553 1566 1611 ἐφό-

91 1617 296 1662 δια·τό
332 1620 392 1672 δέ,
427 1619 535 1662 α’λλὰ
567 1620 642 1662 καί
666 1623 789 1662 τοῦτο
816 1620 950 1676 μόνην
973 1637 1046 1675 την
1063 1623 1329 1675 προθεσμίαν
1357 1621 1431 1663 καί
1449 1620 1566 1676 προό-

89 1702 165 1742 την
193 1684 375 1742 κίνησιν
384 1703 460 1741 της
501 1688 648 1741 ψυχῆς
690 1686 748 1736 ὥς
784 1686 856 1729 ἐπι
891 1686 1137 1742 πλάστιγγος
1173 1687 1384 1742 α’ρρεποῦς
1416 1703 1457 1730 τε
1494 1704 1565 1730 και

89 1754 357 1810 θεοπρεποῦς
387 1752 724 1797 ταλαντεὺεσθαι
756 1754 878 1806 α’ξιοϊ.
918 1766 923 1771 ·

90 1995 186 2042 quod
222 1995 462 2034 narrationem
500 1995 735 2031 vehementer
768 1997 986 2031 desiderant.
1036 1997 1070 2030 id
1109 1997 1214 2031 etiam
1238 1998 1406 2040 optimum
1433 1998 1565 2032 incita-

90 2049 246 2079 mentum
271 2048 420 2088 apparet
456 2044 486 2078 si
514 2044 693 2078 amicitiae
733 2045 857 2099 gratia.
882 2044 1006 2089 lingua
1040 2055 1117 2077 cum
1145 2044 1331 2088 voluptate
1358 2044 1437 2079 vult
1466 2045 1565 2091 loqui

93 2097 128 2126 et
154 2091 369 2127 narrationis
395 2091 467 2126 vim
493 2102 660 2126 summam
688 2092 872 2137 consequi.

223 2155 295 2190 lam
322 2164 390 2200 ego
421 2156 481 2200 qui
506 2166 615 2200 saepe
642 2156 825 2190 carissime
844 2155 1037 2191 Cleodeme
1066 2156 1138 2191 vim
1166 2156 1216 2189 tui
1243 2157 1417 2190 sermonis
1444 2162 1480 2190 et
1506 2168 1566 2191 ra-

91 2194 210 2238 tiones
237 2204 444 2238 verissimas
485 2203 675 2237 admiratus
711 2214 786 2237 sum
818 2214 912 2237 nunc
950 2204 1067 2248 potius
1101 2213 1202 2249 quam
1236 2209 1340 2237 antea
1374 2205 1497 2259 paucis
1522 2205 1565 2239 ad

91 2251 361 2296 persuasionem
389 2261 448 2284 res
474 2251 538 2284 tibi
567 2261 752 2295 exponam.
814 2251 900 2285 nolo
938 2252 1030 2285 enim
1058 2251 1218 2285 dolorem
1253 2252 1373 2285 facere
1398 2252 1455 2285 cui
1484 2262 1565 2286 ser-

82 2300 173 2334 «vire
197 2309 255 2333 me
281 2303 435 2343 oportet.
487 2299 665 2343 proferam
693 2304 807 2332 autem
843 2310 862 2332 e
887 2298 1007 2332 multis
1035 2309 1147 2343 pauca
1187 2304 1222 2332 et
1245 2309 1337 2344 quae
1362 2301 1567 2334 necessaria

93 2351 176 2382 sunt
201 2347 281 2380 usui
309 2351 344 2380 et
369 2345 452 2380 huic
477 2347 643 2390 tempori.
702 2347 807 2391 idque
842 2346 885 2380 ad
911 2346 1098 2380 utilitatem
1132 2352 1224 2380 tuam
1264 2346 1357 2380 facio
1385 2352 1419 2380 et
1445 2357 1567 2381 eorum

93 2395 155 2440 qui
179 2403 250 2429 una
274 2399 393 2428 tecum
429 2394 552 2428 audire
591 2394 679 2428 haec
706 2395 863 2449 cupiant.
915 2394 975 2428 sed
1003 2395 1034 2428 si
1063 2405 1108 2428 ex
1132 2399 1191 2428 tua
1218 2398 1253 2427 et
1277 2394 1455 2428 sociorum
1482 2400 1568 2428 tuo..

93 2451 170 2476 rum
202 2441 389 2476 voluntate
424 2443 620 2476 orationem
656 2443 750 2475 omni
786 2446 913 2475 ornatu
949 2442 1089 2476 denudo
1133 2446 1168 2475 et
1202 2440 1399 2484 simplicem
1437 2443 1567 2485 reddo3

95 2498 166 2534 quo
206 2499 292 2523 sane
329 2488 514 2534 Gregorae
550 2490 743 2523 auctoritas
784 2489 985 2524 elevabitur
1024 2495 1059 2523 et
1102 2499 1181 2523 mea
1214 2488 1473 2533 qualiscunque
1515 2496 1569 2524 est

96 2542 250 2582 cognata
273 2537 365 2571 ratio
393 2542 429 2570 et
443 2536 658 2581 disciplina3
686 2536 772 2570 licet
799 2548 843 2570 ex
863 2547 906 2570 eo
921 2529 1129 2583 inffllligere
1148 2541 1198 2578 te,
1225 2536 1366 2580 qualem
1393 2541 1428 2569 et
1452 2547 1568 2581 quan-

95 2590 164 2619 tam
191 2585 316 2618 intimo
344 2585 381 2618 in
411 2585 528 2618 animo
554 2595 634 2618 meo
662 2585 850 2618 amicitiam
879 2594 964 2628 erga
991 2590 1027 2618 te
1063 2584 1223 2618 habeam.
1274 2585 1305 2617 si
1328 2593 1415 2617 vero
1441 2595 1568 2619 narra-

95 2633 145 2666 tio
172 2631 350 2666 voluntati
375 2641 447 2665 non
479 2633 693 2666 convenerit
721 2632 796 2665 noli
822 2631 908 2665 mihi
935 2632 1054 2666 irasci.
1113 2642 1191 2665 nam
1219 2632 1255 2664 in
1280 2630 1334 2664 his
1359 2636 1398 2665 ut
1422 2632 1459 2665 in
1486 2633 1568 2667 aliis

94 2679 216 2713 multis
237 2679 436 2713 dominatur
463 2679 604 2713 fortuna
629 2690 721 2724 quae
746 2690 805 2713 res
838 2679 931 2712 inter
957 2690 996 2712 se
1025 2680 1185 2714 diversas
1214 2683 1248 2712 et
1272 2679 1484 2713 dissidentes
1509 2686 1567 2714 te-

95 2732 182 2768 net;
215 2728 253 2760 in
279 2726 354 2761 illis
380 2731 496 2761 autem
527 2738 618 2772 quae
645 2728 797 2761 animum
824 2726 1040 2760 benevolum
1068 2732 1104 2760 et
1127 2726 1235 2760 animi
1259 2726 1406 2770 primam
1433 2726 1569 2761 volun-

94 2779 202 2809 tatem
228 2774 380 2810 reddunt
416 2775 533 2808 omnia
558 2780 722 2819 tanquam
753 2775 884 2808 trutina
921 2780 1017 2809 certa
1044 2780 1079 2808 et
1104 2775 1226 2809 divina
1252 2775 1448 2808 examinata
1475 2779 1566 2810 sunt.
