1786 3138
247 159 343 209 508
451 203 455 207 .
635 160 934 208 NicEPnom
975 158 1279 206 GREGORAE
1394 194 1396 197 Α
1449 202 1453 203 ⁷
1503 166 1554 204 t

243 274 445 329 τεθνηκὸς
474 271 548 315 οὒκ
577 272 779 315 ἐσάλευσε
808 272 890 332 τῶν
921 269 1049 312 αὐτοῦ
1067 271 1232 327 φρενῶν
1253 267 1329 322 τὰς
1358 272 1580 329 κρηπῖδας,
1608 271 1700 318 οὔδ’.

248 338 439 394 ἀθυμίαν
471 339 693 395 ἀνήκεστον
725 336 934 391 εὐθυμίας
969 337 1238 388 ἀλλάξασθαι
1269 339 1534 396 προσκαίρου
1562 340 1700 398 παρέ-
1747 395 1754 402 .

245 421 407 448 πεισεν·
468 406 556 448 ἀλλ’
589 405 861 458 αὐτοσχέδιον
899 404 1150 460 ξενηλασίαν
1179 404 1535 461 μηχανησάμενος
1562 406 1700 464 αῧθη-ἐ

242 471 373 527 μερὸν
402 471 668 528 θρηνούντων
709 471 797 526 ἅμα
837 472 910 513 καί
950 472 1225 527 θρηνουσῶν,
1266 472 1338 514 ἐπὶ
1381 474 1457 529 τῆς
1491 472 1702 531 προτέρας

246 534 372 588 αὖθις
401 538 630 594 κατέστησε
659 537 875 594 θυμηδίας
897 537 950 580 τὰ
981 538 1222 594 πράγματα,
1251 538 1325 581 καὶ
1353 539 1735 595 προσκαλεσάμε-5

246 621 315 656 νος
344 604 450 660 μετὰ
476 606 617 661 τρίτην
647 607 810 647 ἐκεῖθεν
841 605 1004 661 ἡμέραν
1030 603 1101 647 τὸν
1128 604 1222 656 νέον
1247 607 1468 663 μνηστῆρα
1494 605 1701 663 τὸν-βάρ-

245 676 379 729 βαρον
409 673 516 714 κατά
541 690 582 715 τι
618 675 834 730 κρατῆσαν
878 673 977 723 ἔθος
1005 675 1050 715 ἐκ
1078 676 1284 725 παλαιοῦ,
1313 672 1388 731 τὴν
1414 668 1707 732 μνηστευομέ-

246 755 319 795 νην
357 738 512 791 ἔδειξεν
550 739 665 796 αὐτῷ
711 740 838 796 κόρην
883 739 988 796 πρὸς
1033 739 1214 782 δέκατον
1250 738 1345 797 ἄρτι
1386 743 1702 799 προβαίνουσαν

158 805 348 856 14ἔτος.
404 806 560 848 τούτων
589 809 626 849 δ’
658 805 764 848 οὕτω
802 806 1079 864 διῳκημένων,
1111 806 1257 863 ἐπειδὴ
1276 807 1350 863 τὴν
1379 811 1423 859 ἐς
1448 807 1519 851 τὸν
1545 808 1700 854 Ἀστα-

242 871 365 928 κηνὸν
394 871 547 915 κόλπον
592 871 614 914 ὅ
651 872 850 927 βασιλεὺς
896 874 1046 929 ἀκήκοε
1092 874 1276 917 κάθοδον
1313 876 1358 917 ἐκ
1399 874 1584 925 Νικαίας
1628 875 1760 918 τοῦίθ

235 938 725 996 ςΥρκανοῦ,’ἐξέπλευσεν
768 938 894 989 εὖθὺς
943 939 1018 982 σύν
1049 956 1095 995 γε
1142 942 1203 998 τῷ
1229 942 1304 983 τοῦ
1329 940 1530 998 Ὑρκανοῦ
1565 942 1699 993 παιδί,

240 1007 314 1048 καί
338 1001 412 1062 ἧκε
449 1008 690 1063 δευτεραῖος
731 1007 865 1048 ἐκεῖσε
903 1007 975 1049 καί
1020 1002 1161 1058 οὗτος,
1205 1007 1436 1058 α’ποδιδοὺς
1473 1009 1535 1065 τῷ
1571 1008 1702 1064 πατρὶ

239 1072 310 1115 τὸν
340 1074 473 1115 παῖδα
503 1074 575 1115 καί
607 1072 694 1127 ἅμα
728 1073 854 1124 ἀξιῶν
884 1073 935 1115 τὰ
967 1074 1159 1129 σύμβολα
1184 1076 1257 1129 τῆς
1287 1076 1491 1131 διαδοχῆς
1518 1076 1592 1131 τῆς
1618 1075 1700 1117 τῶν

239 1142 441 1182 Βιθυνῶν
474 1140 608 1196 ἀρχῆς
634 1139 814 1196 τήμερον
851 1140 964 1197 αὐτῷ
994 1142 1262 1197 ἐγχειρίσαι·
1335 1140 1606 1198 δι”καιονγὰρ
1639 1135 1699 1182 εἶ-

239 1222 309 1249 ναι
338 1207 411 1248 καί
453 1204 509 1256 ὥς
555 1209 637 1249 τῶν
679 1204 815 1248 ἄλλων
858 1209 1023 1249 παίδων
1065 1210 1225 1262 μᾶλλον
1268 1208 1384 1265 αὐτῷ
1421 1207 1697 1264 ἀγαπωμένῳ,
1713 1222 1755 1258 15

239 1273 313 1315 καί
339 1272 395 1323 ὦς
422 1276 631 1329 μνηστῆρι
659 1276 731 1329 τῆς
755 1273 965 1328 βασιλέως
1001 1275 1235 1330 θυγατρός,
1280 1275 1354 1317 καί
1398 1273 1454 1325 ὥς
1496 1275 1597 1331 ἀξίῳ
1627 1276 1701 1330 τῆς

244 1340 380 1396 ἀρχῆς
412 1339 483 1382 διά
511 1355 555 1382 τε
586 1339 631 1382 τὸ
663 1341 855 1396 ἀνδρεῖον
883 1343 955 1395 τῆς
982 1342 1147 1397 γνώμης
1165 1336 1238 1384 καί
1263 1341 1484 1399 ῥωμαλέον
1509 1343 1585 1384 τοῦ
1614 1341 1698 1384 σώ-

239 1423 374 1462 ματος
402 1407 474 1449 καί
505 1407 610 1464 πρός
638 1425 683 1464 γε
724 1407 769 1450 τὸ
811 1411 883 1463 τῆς
926 1408 1171 1464 φρονήσεως
1206 1409 1440 1465 δραστικόν.
1496 1409 1617 1451 τοῦτο
1649 1405 1699 1463 δὴ

242 1471 316 1515 οὖν
345 1474 419 1516 καί
437 1475 569 1516 πάλαι
597 1476 892 1532 βεβουλημένῳ
912 1492 955 1517 τε
975 1476 1048 1518 καί
1067 1476 1385 1533 βεβουλευμένῳ
1416 1477 1478 1533 τῷ
1502 1473 1697 1532 Ὑρκανῷ,

240 1541 332 1582 ἐπεὶ
359 1541 432 1583 καί
461 1540 531 1583 τὸν
558 1543 631 1583 τοῦ
659 1542 869 1595 βασιλέως
897 1531 1178 1596 συμπέπτωκε
1203 1542 1308 1592 τέως
1337 1540 1566 1598 ἐρεθισμὸν
1596 1553 1754 1590 συν-20

241 1607 362 1663 εργὸν
401 1609 455 1664 τῇ
494 1609 652 1651 ἐκείνου
682 1608 810 1664 ταύτῃ
856 1609 1058 1664 βουλήσει
1097 1608 1322 1665 γενέσθαι,
1368 1607 1503 1668 ῥᾷστα
1550 1605 1697 1650 λοιπὸν

148 1682 219 1715 15
240 1674 312 1715 καί
339 1673 392 1716 τὰ
419 1677 493 1728 τῆς
524 1675 727 1730 αἰτήσεως
757 1678 1009 1732 πεπρᾶχθαι
1042 1675 1194 1727 ἔδοξεν.
1253 1674 1355 1718 ὅθεν
1386 1675 1459 1718 καί
1487 1690 1695 1731 στρατιω-

237 1742 319 1782 τῶν
349 1742 599 1795 Βυζαντίων
632 1743 788 1794 συχνοί
810 1758 937 1793 τινες,
985 1743 1057 1784 καί
1091 1742 1178 1797 ἅμα
1216 1744 1298 1784 τῶν
1328 1741 1503 1798 εὐγενῶν
1524 1740 1697 1796 *ἀνδρῶν

240 1806 312 1847 οὐκ
345 1807 490 1864 ὀλίγοι,
518 1813 605 1857 τοῖς
641 1809 874 1865 βαρβάρων
908 1810 1060 1864 ἀναμίξ
1090 1808 1365 1866 στρατιώταις
1404 1807 1476 1851 τὸν
1505 1809 1581 1850 τοῦ
1601 1805 1695 1863 Ὑρ-
1785 1865 1786 1870 1

64 1869 89 1906 f·
103 1868 172 1907 254
184 1882 216 1906 a·
236 1875 366 1914 κανοῦ
393 1874 679 1930 προύπεμψαν
699 1877 845 1925 παῖδα,
870 1876 945 1918 σύν
962 1891 1008 1932 γε
1029 1876 1261 1930 κυμβάλοις
1279 1875 1351 1919 καὶ
1375 1874 1607 1930 τυμπάνοις
1620 1867 1696 1915 καί
1707 1890 1753 1926 25

238 2078 270 2111 ei
301 2078 497 2121 persuasit,
538 2084 576 2112 ut
613 2080 789 2113 tristitiam
820 2090 897 2114 cum
932 2080 1110 2114 hilaritate
1135 2084 1382 2122 commutaret,
1423 2080 1484 2114 sed
1509 2079 1588 2114 sine
1615 2085 1692 2114 arte

236 2125 297 2158 ubi
323 2125 481 2167 hospites
508 2126 643 2169 depulit
669 2137 771 2170 quum
801 2129 958 2172 quotidie
986 2133 1020 2160 et
1046 2129 1113 2161 viri
1141 2133 1176 2160 et
1201 2127 1366 2161 mulieres
1405 2126 1690 2169 lamentarentur,

237 2172 348 2215 priori
374 2171 544 2205 hilaritati
583 2184 622 2207 se
647 2174 789 2207 tradidit
823 2180 857 2207 et
882 2175 988 2217 tertio
1015 2175 1072 2208 die
1100 2184 1230 2218 sponso
1259 2174 1382 2208 inveni
1420 2173 1567 2207 barbaro
1593 2184 1691 2207 more

238 2219 385 2262 quodam
423 2220 566 2263 antiquo
604 2231 765 2263 sponsam
793 2223 945 2255 ostendit
975 2221 1130 2265 puellam
1162 2222 1284 2255 decem
1310 2221 1386 2254 fere
1418 2230 1528 2255 annos
1562 2226 1690 2254 natam.

239 2276 329 2309 quae
355 2275 460 2309 quum
497 2276 539 2299 eo
583 2273 701 2300 essent
728 2268 871 2310 aduc-ta,
899 2279 985 2309 rex,
1022 2269 1140 2302 audito
1167 2268 1320 2311 Hyrcani
1346 2268 1476 2302 Nicaea
1510 2267 1551 2312 'in
1577 2268 1691 2301 sinum

237 2310 453 2347 Astacenum‘
479 2314 621 2354 itinere,
650 2315 764 2347 statim
792 2327 868 2348 cum
895 2315 1048 2358 Hyrcani
1076 2315 1149 2348 filio
1175 2315 1370 2359 navigavit.
1420 2314 1485 2347 ille
1510 2314 1591 2347 dein
1622 2314 1690 2347 hue

237 2359 349 2392 venit.
374 2359 504 2392 tradito
533 2361 622 2403 patri
650 2361 721 2394 filio
762 2363 971 2395 documenta
1008 2362 1204 2405 recipiendi
1236 2361 1338 2405 regni
1366 2361 1546 2404 Bithynici
1585 2361 1690 2395 hodie

238 2407 270 2438 ei
297 2406 386 2438 tradi
411 2406 522 2439 iubet.
549 2407 691 2451 dignum
719 2419 797 2442 esse
824 2410 955 2453 quippe
982 2409 1041 2453 qui
1070 2409 1181 2453 magis
1208 2418 1308 2452 quam
1326 2409 1436 2441 ceteri
1461 2407 1567 2441 liberi
1591 2418 1690 2441 ama..

235 2458 345 2494 retur,
372 2454 502 2496 quippe
528 2455 587 2498 qui
612 2456 707 2498 regis
732 2456 827 2488 filiae
852 2466 1001 2498 sponsus
1029 2462 1141 2497 esset,
1175 2456 1316 2500 dignum
1355 2465 1435 2488 esse
1463 2464 1575 2499 regno
1601 2464 1690 2499 pro-

235 2504 313 2542 pter
348 2499 487 2533 virilem
519 2501 669 2534 animum
701 2508 735 2535 et
769 2503 928 2546 corporis
967 2502 1074 2535 robur
1109 2507 1144 2536 et
1184 2508 1360 2535 strenuam
1392 2506 1556 2534 mentem.
1620 2501 1688 2534 hoc
1746 2530 1747 2533 ,

236 2546 408 2589 quondam
436 2552 572 2590 optarat
602 2549 783 2591 Hyrcanus
828 2556 862 2583 et
900 2550 1014 2582 animo
1048 2555 1120 2583 tum
1155 2548 1349 2590 volvebat,
1376 2558 1479 2592 quum
1507 2547 1599 2581 forte
1625 2557 1688 2591 per

234 2602 356 2635 regem
382 2594 594 2627 excitaretur
617 2595 705 2628 illud
727 2596 939 2628 desiderium
959 2596 1065 2629 facile
1083 2596 1221 2640 reliqua
1239 2596 1363 2638 petitio
1378 2595 1559 2638 impetrari
1583 2604 1688 2638 posse

236 2639 313 2671 visa
342 2645 406 2672 est.
457 2640 583 2673 deinde
612 2642 744 2675 milites
770 2643 1021 2685 Byzantiorum
1056 2643 1155 2676 multi
1182 2642 1320 2687 quidam
1359 2647 1394 2675 et
1418 2641 1590 2675 nobilium
1620 2641 1688 2674 ho..

236 2686 367 2718 minum
393 2696 464 2719 non
491 2688 592 2729 pauci
620 2698 695 2720 cum
721 2689 949 2722 harbarorum
966 2690 1135 2723 militibus
1160 2689 1258 2722 mixti
1284 2688 1439 2732 Hyrcani
1466 2688 1576 2722 filium
1602 2697 1688 2730 pro-

237 2732 410 2767 duxerunt
431 2743 508 2767 eum
526 2734 695 2779 cymbalis
713 2741 747 2770 et
763 2738 936 2780 tympanis
960 2742 995 2770 et
1010 2738 1103 2781 picto
1127 2737 1229 2781 regni
1248 2736 1349 2781 signo
1364 2745 1476 2780 usque
1499 2735 1542 2768 ad
1568 2734 1688 2768 urbem
