1800 3132
204 143 270 196 42
603 154 896 198 Nicspnom
940 153 1244 197 GREGORAE

204 261 282 301 τοῦ
316 257 522 311 Τανάιδος
553 260 753 302 ἀναπλεῖν
788 261 858 300 καί
887 263 1101 313 περιπλεῖν
1129 261 1215 301 κατ’
1246 260 1439 319 ἐξουσίαν
1468 257 1526 310 ὥς
1548 272 1663 318 ’προ-

201 340 332 379 τερον.
367 322 467 368 ὅθεν
499 326 628 368 αὐτοί
648 342 689 368 τε
710 324 786 373 τιὶς
814 326 968 374 οἰκείας
1002 319 1199 378 ἤθροιζον
1229 323 1445 380 δυνάμεις,
1475 324 1663 381 τριήρεις
1755 314 1759 325 ⁴

206 407 250 433 τε
282 394 450 442 πλείους
482 395 564 435 τῶν
593 395 696 441 τέως
728 392 867 434 ου’σαῖν
895 389 1198 442 κατεσκεύαζον
1231 394 1304 434 καί
1325 392 1403 443 τὰς
1431 395 1477 434 ἐκ
1505 394 1663 434 πολλοῦ

206 460 535 513 νενεωλκημένας
577 456 909 507 καθελκύσαντες
955 458 1223 513 πανταχόθεν
1261 457 1561 513 ἐπεσκεύαζον,
1592 458 1665 501 καὶ

207 521 294 576 ἅμα
334 525 409 574 τὰς
453 526 725 579 συμμαχίδας
768 526 840 566 καί
883 522 1090 580 ὑπηκόους
1133 522 1274 574 πόλεις
1314 527 1386 567 καί
1424 523 1579 580 νήσους
1621 526 1697 574 ἒςῦ

207 590 276 633 τὸν
305 592 444 634 κοινὸν
487 592 664 634 ἐκάλουν
704 591 861 647 ἀγῶνα,
892 589 1001 633 ὅπλα
1040 595 1111 634 καί
1141 592 1321 647 τριήρεις
1355 593 1428 634 καί
1453 589 1666 647 στρατιώ-

206 674 280 706 τας
310 658 557 712 ναυμάχους
576 656 938 714 συνεισφερούσας
969 658 1075 700 κατὰ
1104 659 1180 714 τήν
1208 661 1387 702 ἐνοῦσαν
1406 656 1562 717 ἑκάστῃ
1584 658 1664 700 δύ-

207 741 343 777 ναμιν.
402 724 684 767 συνεκάλεσαν
734 726 770 766 δ’
803 721 877 767 οὖν
911 726 983 766 καί
1025 728 1107 767 τῶν
1138 725 1383 780 πόρρωθεν,
1411 725 1555 780 ἁβροῖς
1586 726 1664 778 μὲν
1724 729 1726 731 ’

207 793 279 832 καί
307 786 386 846 ἤδη
425 791 729 847 μισθώμασιν,
761 792 1008 847 ἇβροτέραις
1054 794 1092 833 δ’
1118 794 1159 841 ἐς
1192 792 1238 834 τὸ
1268 795 1418 845 μέλλον
1444 793 1664 846 ἐπαγγελί-

208 874 287 910 αις,
315 854 470 907 ιῗῖλλους
497 873 542 899 τε
582 857 654 899 καί
688 860 982 911 Κατελοῖνους,
1026 858 1069 900 οἳ
1094 854 1274 917 ᾤκηνται
1306 857 1419 900 κάτω
1449 859 1564 914 παρὰ
1591 855 1666 912 τὴν
1679 867 1723 904 10
1770 911 1774 916 .

209 921 416 980 Γαλλικῆν
464 922 715 978 θᾶλασσαν,
762 922 841 982 ὅπῃ
887 928 970 968 τῶν
1012 929 1271 982 Πυρηναίων
1312 925 1418 980 όραῖν
1449 922 1500 967 ὀἱ
1539 923 1665 974 πόδες

208 985 386 1045 ἄγχιστα
414 990 636 1046 λήγουσιν,
679 994 722 1040 ἐς
748 990 907 1045 τόλμαν
951 991 1201 1046 πολεμικήν,
1230 988 1307 1046 δ’ση
1336 1007 1381 1033 τε
1409 987 1663 1046 ἤπειρωττκὴ

206 1060 279 1099 καί
321 1053 398 1113 ὅση
444 1058 699 1110 θαλάττιος,
737 1060 818 1101 τῶν
859 1060 1075 1114 πρωτείων
1111 1059 1255 1101 ου’δέσι
1296 1061 1493 1101 Λατίνων
1524 1073 1666 1112 παρα-

202 1126 457 1179 χωροῦντας.
1582 1159 1586 1161 .
1779 1182 1782 1183 ⁷

119 1187 189 1233 lb
333 1191 443 1233 Ἐπεὶ
484 1193 585 1245 γοῦν
619 1190 688 1233 διὰ
724 1196 858 1234 ταῦτα
889 1192 961 1234 καί
989 1193 1136 1247 Κρήτη
1179 1189 1364 1247 θόρυβον
1394 1187 1483 1246 εἶχε
1510 1191 1582 1234 καί
1609 1191 1722 1240 ὥς15

204 1259 336 1300 εἰπεῖν
361 1257 515 1300 ἐσείετο
546 1261 676 1311 πᾶσα,
706 1261 1107 1314 παρασκευαζομένη
1139 1258 1242 1314 πρὸς
1285 1255 1389 1300 ὅπλα
1417 1248 1686 1312 συμμαχικό
1766 1249 1770 1252 ’

204 1339 246 1366 τε
275 1325 348 1366 καί
379 1319 458 1365 ὅσα
489 1326 572 1366 τῶν
602 1326 835 1377 πολεμικῶν
877 1323 1042 1381 ἐφόδων
1073 1326 1177 1367 εἰσίν
1207 1321 1515 1379 α’ποτρεπτικά,
1543 1326 1668 1376 μετέ-

203 1394 351 1443 βαινον
367 1391 529 1433 ἐκεῖθεν
547 1392 785 1445 ἀρχομένου
814 1395 889 1433 τοῦ
922 1389 1035 1446 ἦρος,
1069 1395 1140 1433 καί
1164 1391 1287 1448 α’φείς
1310 1391 1507 1445 εὐώνυμα
1524 1392 1668 1434 Σαλα-

206 1463 309 1510 μῖνα
331 1456 406 1511 τήν
424 1460 562 1512 νῆσον,
595 1457 701 1500 ἔνθα
719 1461 1006 1512 Θεμιστοκλέα
1029 1458 1100 1501 τὸν
1114 1461 1346 1508 Νεοκλέους
1367 1460 1521 1500 ἐκεῖνον
1536 1457 1668 1499 πάλαι

209 1522 317 1579 φασὶ
342 1522 414 1579 τὴν
440 1528 520 1567 τῶν
543 1527 727 1579 Περσῶν
746 1524 904 1580 ἐκείνην
922 1526 1122 1580 ναυτικὴν
1141 1525 1447 1578 καταβαπτίσαι
1470 1523 1668 1577 δύναμιν,
1678 1530 1724 1568 20
1783 1575 1786 1577 Α

209 1589 362 1645 νήσους
400 1606 442 1633 τε
487 1588 536 1641 ἃς
577 1589 811 1640 Κυκλάδας
840 1594 951 1648 φασί
988 1590 1278 1647 παραλλάξας,
1319 1593 1581 1634 κατέπλευσα
1623 1592 1666 1640 ἐς

209 1652 398 1710 Εὔβοιαν
425 1658 500 1713 τὴν
528 1661 666 1713 νῆσον,
699 1657 881 1714 ὑπήκοον
912 1654 1043 1701 οὖσαν
1071 1663 1304 1708 Βενετικοῖς
1335 1659 1439 1701 ἑτῶν
1469 1653 1551 1714 ἤδη
1578 1674 1667 1712 μα-

210 1726 332 1777 κρῶν.
389 1729 468 1767 καί
490 1741 544 1779 με
570 1725 825 1780 βουλόμενον
855 1726 1023 1768 πλείονα
1053 1726 1208 1780 χρόνον
1239 1727 1508 1780 ἐνδιατρῖψαι
1535 1723 1664 1782 ταύτῃ

212 1917 361 1952 arbitrio
387 1922 494 1962 atque
520 1917 717 1959 voluntate,
745 1923 784 1951 ut
807 1922 911 1951 antea
931 1942 941 1959 ,
975 1918 1187 1961 navigarent
1220 1927 1260 1949 ac
1301 1917 1664 1955 circumveherentur.

212 1974 321 2011 quare
347 1974 428 1999 suas
458 1965 578 2008 copias
606 1969 827 2006 contraxere,
854 1965 1050 1998 triremium·
1072 1974 1253 1997 numerum
1269 1969 1455 2006 auxerunt,
1482 1965 1665 1999 etiamve-

213 2017 308 2046 teres
334 2022 378 2046 ex
400 2012 586 2045 navalibus
621 2012 854 2055 undecunque
880 2012 1067 2056 productas
1104 2021 1214 2044 naves
1251 2010 1455 2044 refecerunt
1489 2011 1665 2056 simulque

212 2059 328 2092 socias
353 2058 581 2103 subditasque
609 2058 714 2092 urbes
739 2058 946 2102 insulasque
971 2059 1014 2091 ad
1040 2059 1239 2091 certaminis
1266 2059 1473 2091 societatem
1507 2058 1664 2095 advoca..

213 2110 305 2147 runt,
333 2111 371 2139 ut
394 2116 489 2139 arma
512 2106 746 2149 triremesque
773 2112 808 2138 et
833 2106 962 2138 milites
987 2105 1156 2138 classicos
1182 2115 1246 2148 pro
1271 2115 1333 2138 sua
1359 2115 1521 2150 quaeque
1542 2106 1665 2140 facul..

213 2158 284 2186 tate
316 2152 531 2186 conferrent.
594 2151 812 2187 advocabant
839 2153 941 2186 ctiam
970 2163 1014 2185 ex
1037 2153 1182 2185 remotis
1207 2152 1414 2196 regionibus
1439 2152 1572 2186 milites
1586 2152 1664 2186 lar-

213 2200 267 2244 gis
306 2200 342 2233 in
377 2210 546 2244 praesens
575 2199 782 2243 stipendiis,
817 2199 1031 2244 largioribus
1073 2200 1109 2232 in
1144 2199 1296 2232 futurum
1330 2198 1664 2241 pollicitationibus,

214 2257 319 2291 quum
346 2247 436 2281 alios
463 2252 534 2280 tum
562 2247 764 2287 Catelanos,
793 2247 851 2290 qui
878 2247 919 2279 ad
949 2246 1121 2280 Gallicum
1147 2256 1241 2285 mare
1268 2246 1417 2279 inferius
1443 2246 1664 2288 incolentes,

213 2292 274 2326 ubi
298 2293 559 2339 Pyrenaeorum
585 2295 754 2327 montium
780 2294 887 2337 pedes
913 2294 1072 2337 proxime
1098 2293 1275 2334 desinunt,
1295 2293 1430 2326 ferocia
1455 2298 1560 2338 atque
1585 2294 1664 2328 vir-

214 2345 289 2373 tute
315 2340 447 2375 bellica
461 2342 539 2375 sive
563 2341 710 2385 proeliis
735 2340 962 2374 terrestribus
989 2341 1066 2374 sive
1091 2341 1217 2386 pugnis
1241 2340 1428 2374 navalibus
1454 2339 1664 2383 exhibenda,

213 2387 303 2421 nulli
329 2387 530 2422 Latinorum
557 2389 695 2422 cedunt.

347 2452 459 2493 Quum
485 2453 594 2496 igitur
618 2452 708 2486 hanc
734 2452 779 2484 ob
805 2462 944 2485 causam
971 2450 1075 2485 etiaim
1102 2450 1206 2486 Creta
1230 2451 1379 2484 tumultu
1407 2451 1606 2484 turbaretur
1632 2456 1668 2485 et

214 2508 389 2532 armorum
419 2500 596 2532 sociorum
624 2500 848 2543 omniumque
873 2508 989 2532 rerum
1015 2499 1057 2532 ad
1082 2498 1233 2531 hostium
1260 2498 1481 2532 incursiones
1495 2499 1665 2532 arcendas

216 2546 421 2579 idonearum
451 2552 619 2590 apparatu
646 2548 746 2591 quasi
773 2550 1036 2587 concuteretur,
1063 2546 1143 2579 inde
1169 2555 1254 2578 vere
1280 2546 1425 2578 ineunte
1457 2545 1528 2578 abii
1560 2550 1666 2589 atque

215 2593 357 2626 sinistra
384 2592 560 2626 Salamine
587 2593 703 2627 insula
730 2593 998 2637 praetermissa,
1032 2592 1091 2625 ubi
1116 2591 1369 2626 Themistocles
1394 2591 1540 2626 Neoclis
1571 2592 1666 2626 filius

216 2638 390 2683 quondam
417 2641 539 2683 copias
560 2640 708 2674 navales
734 2640 916 2674 Persarum
942 2640 1154 2673 demersisse
1180 2639 1319 2680 dicitur,
1347 2644 1382 2672 et
1406 2639 1553 2680 insulas,
1580 2647 1665 2683 quas

220 2685 395 2728 Cyclades
421 2692 562 2728 vocant,
588 2692 855 2731 praetervectus
881 2687 923 2719 ad
949 2686 1127 2720 Euboeam
1153 2686 1303 2720 insulam
1328 2685 1448 2730 appuli
1482 2686 1551 2719 iam
1573 2684 1667 2719 mul..

217 2738 276 2771 tos
315 2741 426 2771 annos
462 2733 606 2770 Venetis
640 2735 822 2769 subditam.
887 2743 955 2778 qua
988 2734 1023 2768 in
1059 2732 1174 2768 insula
1214 2743 1318 2778 quum
1355 2733 1496 2777 longius
1531 2737 1668 2776 tempus
