1826 3120
242 118 354 180 224'
686 133 982 181 NicEPHom
1024 134 1328 179 GREGORAE

239 247 454 295 πλεισταις
493 244 858 298 συμπεπτωκότων
900 242 999 291 τούς
1036 244 1114 295 μὲν
1154 244 1235 284 τῶν
1265 239 1491 297 οἰκητόρων
1520 237 1690 299 θανάτῳ

88 344 105 347 -
238 313 367 370 βιαίῳ
398 311 763 367 παραπεμφθῆναι
794 312 1094 362 συμπέπτωκε,
1137 307 1235 358 τούς
1264 309 1311 351 δὲ
1337 313 1420 358 τοῖς
1451 308 1693 363 ἀστυγείτο-

193 389 307 433 aaut
339 380 383 427 ἑξ
412 375 652 431 αὐτομάτου
683 378 963 435 ιπροδοθῆναι
1004 372 1240 431 βαρβάροις
1289 373 1550 431 αὐθημερόν.
1618 375 1693 416 τοῦ

240 444 319 501 γὰρ
352 447 561 499 βασιλέως
585 443 941 498 Καντακουζηνοῢ
967 440 1047 497 πρὸ
1081 443 1189 484 ε’τῶν
1219 457 1300 484 που
1329 443 1462 495 δυοῖν,
1491 437 1554 495 ὥς,
1577 437 1692 495 εἴρη-

246 528 328 567 ται,
357 514 459 564 μίαν
492 513 576 552 ταῖν
605 510 883 565 ὄχυρωτέρων
914 508 1004 552 ἐκεῖ
1027 508 1189 551 πόλεων
1220 505 1512 564 παρασχόντος
1552 507 1728 556 αΰτοῖς5

245 578 508 633 οἰκητήριον,
557 573 661 619 ὥστε
703 575 815 630 ἔχειν
854 575 1009 625 αὐτοὺς
1037 577 1303 630 ἐπιτείχισμα
1350 573 1423 617 καὶ
1446 575 1698 629 συμμαχίαν

246 644 472 699 πρόχειρον
501 642 607 686 κατὰ
635 643 937 698 Παλαιολόγου
964 644 1039 685 τοῦ
1073 644 1281 698 γαμβροῦ,
1311 640 1414 685 κατὰ
1446 641 1594 696 χώραν
1620 641 1699 694 με’-

243 725 328 752 νειν
362 711 492 751 oev’v'ot'
528 726 574 764 γε
603 709 679 750 ov‘x
721 704 897 765 ἤνεγκαν
935 711 1011 750 τοῦ
1057 711 1230 762 λοιποῦ,
1271 707 1378 750 daza*
1414 705 1518 753 κατά
1551 703 1695 761 βραχύ
1754 751 1756 753 ,

245 775 511 831 παρεξιόντες
553 776 640 831 otei,
687 777 758 818 καὶ
793 774 1030 829 ληϊζόμενοι
1074 773 1171 824 τούς
1207 777 1288 821 ταῖν
1330 776 1496 829 ἔγγιστα
1541 772 1699 815 πόλεων

248 840 404 897 α’γρούς
436 843 587 898 ἐφεξῆς
615 843 755 891 αὐτοῖς
787 841 967 895 α’νδροὲσι
1001 858 1044 884 τε
1074 843 1146 883 καί
1175 839 1441 897 ἀχθοφόροις
1472 837 1602 892 ’ζώοις
1631 836 1702 880 καί
1715 845 1758 880 10

226 910 459 962 ,ποιμνίοις
489 905 634 963 ἅπασι,
666 911 806 950 πᾶσαν
836 911 881 950 ἐν
910 911 1068 963 βραχεῖ’
1098 908 1174 961 τήν
1213 910 1286 963 τῆς
1314 905 1588 963 Χερρονήσου
1625 916 1704 960 με·

249 976 411 1031 σόγειον
444 974 674 1031 ἱππήλατον
689 977 838 1031 σφίσιν
855 975 997 1025 αὐτοῖς
1028 976 1132 1017 α’δεᾶ
1152 974 1459 1030 κατεστήσαντο
1474 974 1553 1019 Κκαί
1570 988 1705 1028 στρα-

247 1043 418 1085 τόπεδον
449 1038 677 1099 ὕπαιθρον,
708 1043 831 1084 ου’δὲν
859 1043 930 1096 τῆς
957 1042 1192 1090 Ἀσιάτιδος
1217 1043 1291 1096 γῆς
1317 1039 1389 1083 καί
1415 1037 1547 1082 πάλαι
1573 1034 1706 1093 συνή-

249 1111 355 1159 θους
387 1105 533 1159 αὖτοΐς
565 1109 802 1151 α’πεοικέναι
834 1110 998 1151 δοκοῦν.
1060 1106 1124 1150 διὸ
1154 1110 1225 1151 καί
1255 1107 1331 1164 τὴν
1362 1105 1444 1149 α’πὸ
1478 1108 1553 1149 τοῦ
1583 1121 1704 1148 σεισ-

72 1181 99 1217 f.
122 1179 188 1215 118
201 1179 336 1230 Ῡ.μοῦ’
368 1175 597 1233 συμφορὰν
629 1178 673 1218 ἐκ
694 1179 770 1219 τοῦ
797 1174 997 1231 σύνεγγυς
1029 1175 1302 1229 θεασάμενοι,
1329 1173 1510 1228 τάχιστα
1538 1169 1709 1227 εἶσεπή-
1722 1179 1764 1213 15

256 1245 390 1299 δησαν
417 1245 489 1286 καί
515 1242 632 1296 μάλα
664 1243 843 1298 α’πονητί
868 1241 974 1295 μετὰ
1004 1245 1085 1284 τῶν
1117 1244 1257 1284 οἰκιῶν
1296 1233 1603 1296 κατειλήφασιν
1629 1233 1709 1281 ὅσα

204 1309 310 1365 8μὴ
341 1309 676 1365 κατεχώσθησαν
708 1308 950 1363 πράγματα.
1018 1309 1092 1350 καί
1125 1312 1200 1351 τοῦ
1223 1310 1372 1350 λοιποῦ
1405 1305 1511 1350 κατὰ
1552 1307 1710 1360 πλῆθος

255 1377 324 1418 det*
349 1375 616 1430 παρεξιόντες
646 1377 808 1417 ἐκεῖθεν
827 1374 900 1416 καί
932 1377 1073 1418 πᾶσαν
1105 1371 1183 1431 ἤδη
1211 1375 1287 1429 τὴν
1306 1377 1438 1428 μέχρι
1458 1374 1602 1415 πυλῶν
1618 1373 1712 1413 Βυ-

258 1444 431 1494 ζαντίων
459 1439 677 1496 ἐληΐσαντο
718 1445 860 1484 τέλεον
898 1443 974 1497 γῆν
1017 1443 1090 1483 καί
1117 1441 1342 1495 Ῥωμαίοις
1372 1437 1529 1495 ἄβατον
1549 1437 1595 1481 τὸ
1626 1455 1713 1480 πα-

258 1508 399 1564 ράπαν
440 1506 705 1564 εἰργάσαντο.
784 1509 942 1565 φόρους
971 1525 1017 1550 τε
1056 1511 1262 1551 ἐπέθεσαν
1302 1505 1487 1556 ἁπάσαις
1514 1512 1606 1557 ταῖς
1633 1511 1770 1559 pas-20

262 1575 365 1626 ταξὺ
398 1575 556 1628 πόλεσι,
587 1575 876 1630 δεκαδάρχους
912 1572 1158 1631 βαρβάρους
1178 1574 1260 1617 ,καί
1287 1572 1536 1637 ἐπιτρέπους
1566 1573 1716 1622 αὐταῖς

258 1639 543 1692 ἐνοικίσαντες.
604 1642 695 1684 ἀλλ’
725 1641 818 1684 οὐδ’
845 1638 954 1685 οὕτω
985 1639 1061 1697 τήν
1082 1642 1255 1698 κομιδήν
1283 1640 1323 1684 οἱ
1350 1639 1524 1690 τάλανες
1555 1640 1716 1698 Θρᾷκες

262 1859 410 1903 bantur3
436 1861 479 1895 ad
507 1861 594 1896 alias
621 1862 714 1907 quod
735 1863 863 1896 attinet
897 1863 1005 1897 muris
1041 1863 1077 1896 in
1105 1862 1224 1896 orbem
1258 1863 1445 1897 destructis
1471 1866 1506 1896 et
1528 1859 1718 1895 domiciliis
1824 1888 1826 1890 .

263 1910 448 1943 maximam
473 1914 607 1953 partem
626 1909 794 1954 collapsis
823 1909 1026 1953 incolarum>
1043 1920 1123 1954 pars
1145 1911 1248 1944 morti
1266 1909 1447 1944 violentae
1472 1908 1718 1943 committeba-
1819 1895 1826 1953 ξ

265 1962 342 1998 tur,
367 1966 448 2000 pars
473 1956 567 1999 ultro
596 1957 731 1994 vicinis
769 1957 927 1991 barbaris
966 1958 1089 1991 eodem
1122 1958 1179 1991 die
1210 1968 1249 1991 se
1280 1957 1450 1991 tradebat.
1507 1955 1719 2000 praebuerat
1823 1959 1826 1966 ²

267 2005 358 2037 enim
382 2003 649 2038 Cantacuzenus
679 2015 742 2038 rex
763 2010 843 2038 ante
870 2005 956 2038 duos
983 2005 1058 2038 fere
1083 2014 1213 2046 annos,
1239 2010 1278 2038 ut
1298 2005 1425 2038 dictum
1453 2008 1517 2046 est,
1543 2013 1649 2036 unum
1676 2011 1720 2034 ex

268 2050 406 2094 oppidis
433 2052 508 2085 eius
533 2052 692 2095 regionis
718 2051 822 2086 valde
847 2053 1072 2094 munitorum,
1100 2051 1192 2096 quod
1216 2052 1260 2084 iis
1276 2057 1369 2085 esset
1393 2050 1620 2085 domicilium.
1650 2049 1720 2082 hoc

267 2099 377 2142 igitur
406 2099 508 2131 modo
535 2104 678 2141 paratae
703 2099 746 2132 iis
775 2105 874 2132 erant
897 2100 1110 2133 munitiones
1137 2104 1172 2132 et
1196 2099 1365 2132 auxilium
1391 2103 1512 2132 contra
1528 2096 1720 2131 Palaeolo-

268 2155 362 2190 gum,
390 2146 552 2187 affinem3
579 2146 614 2178 in
641 2147 789 2190 regione
815 2147 943 2181 diutius
971 2157 1111 2179 manere
1137 2146 1205 2189 ipsi
1230 2146 1435 2180 noluerunt.
1464 2145 1526 2180 sed
1551 2143 1721 2187 paulatim

271 2198 463 2236 evagantes
489 2203 627 2236 semper
655 2199 689 2226 et
715 2194 922 2236 diripientes
950 2205 993 2227 ex
1018 2194 1239 2226 finitimorum
1267 2194 1473 2237 oppidorum
1501 2192 1596 2236 agris
1623 2191 1720 2234 ipsos

268 2240 366 2273 viros
395 2240 562 2282 deinceps
587 2245 622 2273 et
645 2240 811 2273 animalia
837 2241 1027 2274 sarcinaria
1049 2246 1084 2273 et
1112 2250 1232 2273 omnes
1262 2242 1379 2274 ovium
1405 2250 1547 2284 greges,
1584 2246 1721 2271 omnem

267 2287 370 2320 brevi
389 2286 646 2322 Chersonesum
673 2288 963 2321 mediterraneam
991 2288 1089 2332 equis
1113 2293 1225 2331 aptam
1252 2288 1390 2322 sibimet
1416 2287 1502 2331 ipsis
1530 2284 1723 2320 reddebant

269 2339 377 2374 tutam
414 2339 448 2366 et
486 2340 601 2367 castra
627 2334 690 2368 sub
718 2335 799 2368 divo
826 2341 933 2369 strata
966 2335 1056 2368 nihil
1089 2335 1133 2368 iis
1159 2334 1367 2369 videbantur
1392 2333 1578 2369 dissimilia
1607 2338 1722 2366 terrae

269 2381 449 2415 Asiaticae
475 2382 643 2425 priusque
672 2381 866 2415 consultae.
902 2383 1021 2426 itaque
1047 2381 1278 2416 calamitatem
1305 2393 1348 2415 ex
1373 2388 1490 2416 terrae
1515 2385 1612 2414 motu
1636 2388 1724 2423 pro-

272 2429 398 2462 fectam
429 2429 585 2462 cominus
613 2430 820 2472 conspicati,
848 2429 1034 2462 celerrime
1059 2428 1234 2463 intrabant
1272 2435 1307 2462 et
1330 2431 1407 2463 sine
1432 2428 1507 2461 ulla
1532 2436 1640 2471 opera
1664 2426 1724 2458 in-

273 2481 327 2509 ter
353 2475 532 2508 domicilia
565 2476 802 2519 compilabant
830 2487 870 2509 ea
897 2476 1010 2509 omnia
1033 2486 1122 2519 quae
1139 2485 1209 2509 non
1236 2482 1334 2510 erant
1360 2476 1495 2510 obruta.
1547 2474 1723 2521 etpfuturo

273 2528 433 2566 tempore
461 2524 666 2556 catervatim
696 2534 835 2566 semper
863 2524 1085 2567 egredientes
1127 2523 1254 2556 exinde
1288 2524 1395 2557 etiam
1420 2532 1556 2556 omnem
1582 2520 1724 2554 omnino

275 2570 342 2602 iam
368 2580 480 2614 usque
506 2571 548 2604 ad
575 2576 693 2613 portas
720 2571 933 2613 Byzantinas
971 2575 1097 2603 terram
1135 2570 1649 2614 compilabantssomanosque
1682 2565 1724 2599 ab

276 2627 319 2649 ea
344 2627 487 2661 prorsus
514 2617 749 2650 deterrebant.
801 2617 993 2662 vectigalia
1029 2622 1143 2650 autem
1169 2617 1342 2651 solvenda
1366 2616 1584 2660 imperabant
1610 2614 1741 2658 omni-2

274 2663 353 2705 bus,
382 2675 472 2708 quae
496 2665 611 2698 media
638 2669 737 2698 erant
762 2665 913 2709 oppidis.
964 2664 1171 2698 decadarchi
1197 2664 1338 2698 barbari
1365 2670 1400 2697 et
1423 2662 1595 2708 praefecti
1618 2663 1656 2696 in
1681 2661 1727 2694 iis

280 2710 558 2748 collocabantur.
625 2713 688 2748 sed
725 2722 772 2745 ne
799 2713 847 2746 ita
886 2712 1026 2758 quidem
1064 2711 1249 2757 diligentia
1286 2713 1361 2747 eius
1396 2711 1539 2747 aestatis
1575 2709 1727 2746 Thraces
