1760 3138
240 152 300 198 12
348 161 355 167 ’
632 131 942 198 ΝιοΕὲΗοΒι-
971 155 1275 199 GREGORAE

236 265 318 306 νῶν
348 263 507 307 Λίνδον
535 259 744 318 Ἰηλυσσόν
769 277 812 303 τε
845 261 918 303 καί
945 258 1181 316 ἀργινόεντα
1214 260 1452 319 Κάμειρον,
1483 256 1543 306 ὧν
1567 262 1594 320 ἧ
1616 264 1701 309 ποῦ’.»

237 330 551 386 Μελησιγενοῦς
577 325 760 384 Ὀμήρου
783 330 993 383 μέμνηται
1017 325 1251 385 Καλλιόπη.
1282 330 1498 385 πρόσοικοι
1524 331 1560 373 δ’
1581 325 1706 386 ἦσαν»,

234 398 287 454 τῇ
314 395 438 454 νήσῳ,
469 395 512 438 τὸ
539 400 728 438 πλεῖστον
746 396 887 450 εἰπεῖν,
915 394 1130 452 ὅμὸφυλοί
1146 411 1188 438 τε
1219 395 1317 451 ἡμῖν
1347 399 1422 441 καί
1449 395 1523 453 τὴν
1551 387 1708 440 πίστινγὲ

235 459 483 518 ὄρθόδοξοι,
515 464 600 505 ’καί
639 461 768 519 ταύτῃ
800 459 849 517 δὴ
898 462 945 520 τῇ
983 463 1079 504 καθ’
1126 463 1232 517 ἡμᾶς
1267 462 1432 506 Ἑλλάδι
1479 461 1709 522 χρώμενοι4

235 531 380 587 φωνῇ·
437 531 584 579 παῖδες
612 529 693 583 γάρ
727 531 810 571 εἰσι
838 530 920 571 ταῖν
953 529 1004 570 οὔ
1035 528 1141 572 πάνυ
1182 528 1262 584 πρὸ
1292 530 1457 586 μακροῦ
1485 529 1735 589 τεθνηκό-ᾎ,

232 611 315 637 των
345 595 511 637 ἐκείνων
542 596 736 650 α’νδρῶν,
784 595 829 637 οἳ
855 600 1040 638 ’πλεῖστα
1067 597 1144 649 μὲν
1176 595 1457 650 ἠγωνίσαντο,
1487 597 1734 646 Λατίνοις

232 660 468 714 μαχόμενοι
497 659 695 716 τριήρεσί
714 677 758 703 τε
782 661 855 704 καί
883 658 1022 711 ὅπλοις,
1049 661 1310 714 παμπόλλοις
1343 661 1418 718 την
1448 661 1601 720 ἔφοδον
1627 663 1689 705 ἐπ’
1723 679 1735 706 1.

39 719 50 775 Γ
73 728 99 764 f.
123 728 167 765 97
184 730 218 765 b.
234 726 390 776 αὐτοὺς
418 731 696 780 ποιουμένοις,
727 730 758 754 ¹¹
777 728 1019 785 ἡττήθησαν
1042 730 1086 770 δὲ
1116 731 1169 770 δι’
1187 727 1408 786 ὀλιγότητα
1429 731 1502 772 καί
1529 727 1692 772 ὖπετιὶ-
1724 741 1738 787 J-j,

230 808 364 848 γησαν
395 788 587 849 ηὸκοντες.
653 788 713 836 ὧν
749 792 849 836 ἔνιοι
893 797 969 837 κᾶν
1012 796 1138 849 γήραι
1185 797 1312 847 ζῶσιν
1341 793 1402 837 ἔτι
1428 798 1584 850 βαθεῖ,
1618 798 1696 852 τῆς,
1731 796 1737 821 s

232 862 330 915 πρίν
356 874 398 902 τε
431 859 704 913 εὐδαιμονίας
734 863 804 904 αἐἰ
831 865 1112 917 μεμνημένοι,
1132 861 1204 904 καί
1232 860 1416 918 διήγημα
1447 863 1583 906 ταῦτα
1604 867 1689 912 τοῖς
1725 900 1728 902 .

230 928 433 982 παριοῦσι
462 927 544 968 τῶν
579 928 704 978 ξένων
741 925 820 982 ἦδὺ
859 931 1125 982 προτιθέντες
1146 964 1155 980 ,
1186 930 1230 971 οἳ
1257 930 1328 970 καί
1357 930 1584 983 δυστυχεῖν
1611 931 1690 982 μέν
1715 927 1718 931 ’

232 1009 319 1043 πως
352 991 493 1047 ἔλεγον
521 987 586 1035 ὅτι
611 992 736 1049 ζυγὸν
767 996 1013 1050 ἐλευθερίας
1058 995 1287 1050 ἠλλάξαντο
1318 994 1533 1051 δούλειον,
1561 996 1688 1038 ευ’τυ-

229 1065 323 1114 χεῖν
351 1062 388 1101 δ’
411 1055 564 1113 ἄλλως,
601 1063 810 1114 πολεμίων
834 1063 912 1114 μὲν
945 1057 1091 1116 ἥκιστα
1123 1061 1282 1113 ἔξωθεν
1303 1064 1490 1117 ἐνοχλεῖν
1513 1059 1573 1118 μὴ
1609 1063 1688 1104 δυ-
1718 1058 1727 1105 'f

231 1128 420 1180 ναμένων
460 1125 536 1181 τήν
563 1129 688 1182 νῆσον
717 1125 775 1170 ἔτι
794 1163 805 1183 ‚
847 1125 919 1170 ἅτε
965 1131 1045 1171 τῶν
1085 1133 1156 1183 τῆς
1187 1126 1315 1183 νήσου
1353 1128 1615 1184 κρατούντων
1642 1132 1688 1172 ἐν
1712 1155 1733 1188 „‘

231 1189 375 1242 ὅπλοις
419 1195 492 1250 ζῆν
521 1193 755 1247 εἰωθότων,
784 1198 857 1237 καί
895 1192 972 1238 ὅσα
1004 1198 1063 1246 εἰς
1092 1195 1271 1249 πόλεμον
1311 1194 1514 1252 ἐπεφύκει
1543 1198 1687 1252 ἐπιτη-
1718 1238 1732 1253 „-

232 1259 432 1315 δεὺματα,
465 1260 538 1303 καί
565 1258 653 1315 ἅμα
683 1263 882 1315 εὐνομίας
920 1266 961 1305 έν
993 1265 1167 1318 α’γοραῖς
1207 1262 1278 1304 καί
1314 1264 1450 1312 δι’καις
1478 1264 1687 1306 ἐπιπολα-
1711 1261 1737 1327 ᾗ

233 1330 383 1383 ζουσης
413 1329 463 1386 τῇ
491 1326 614 1386 νήσῳ,
648 1331 884 1379 πλεονεξίας
915 1329 1101 1385 α’πούσης
1128 1329 1183 1379 αἱς
1213 1328 1262 1372 τὰ
1294 1329 1450 1383 πολλά,
1478 1332 1552 1371 καί
1580 1330 1687 1386 πρὸς
1721 1328 1753 1439 ἒ.

231 1394 394 1445 τούτοις
424 1391 476 1436 εὖ
506 1394 688 1449 ἐχόντων
716 1393 902 1450 κράσεως
931 1396 1066 1451 α’έρων
1094 1396 1311 1450 λαχόντων
1351 1395 1426 1452 την
1454 1398 1594 1452 νῆσον,
1627 1395 1687 1438 ἔτι
1753 1451 1755 1454 Ι

232 1477 277 1503 τε
317 1462 496 1515 λιμένων
533 1462 605 1503 καί
644 1466 827 1517 νεωρίων
865 1464 1077 1518 παγκάλην
1111 1461 1296 1517 ἐχόντων
1339 1463 1414 1518 τὴν
1443 1466 1588 1515 θέσιν,
1617 1465 1690 1505 καί
1709 1459 1753 1501 ss

233 1526 390 1578 πάντας
422 1527 524 1582 μετὰ
556 1528 769 1585 ῥαστώνης
797 1528 1119 1583 ὖποδεχομένων
1139 1528 1239 1579 τούς
1259 1527 1512 1586 ὖθενδήποτε
1539 1530 1688 1586 χρείας
1712 1548 1732 1568 4»ῑ
1754 1519 1757 1562 3

231 1596 459 1650 ἐμπορικῆς
500 1595 774 1649 καταίροντας
804 1594 952 1648 ἕνεκα,
997 1594 1053 1645 ὥς
1089 1596 1284 1650 γίνεσθαι
1329 1596 1400 1638 διὰ
1446 1598 1583 1638 ταῦτα
1613 1594 1687 1651 τ’ἡν
1723 1608 1749 1612 ’

231 1662 311 1703 τῶν
342 1663 474 1703 ω’νίων
513 1662 657 1718 χρείαν
702 1663 1008 1718 α’φθονωτέραν
1050 1663 1266 1711 πλουσίοις
1297 1662 1370 1704 καί
1393 1665 1586 1719 πένησι,
1617 1656 1750 1705 καί”

229 1730 321 1782 βίον
352 1727 648 1785 α’ταλαίπωρον
678 1723 792 1783 ἄγειν
820 1726 918 1778 τούς
950 1730 1274 1784 προσοικοῦντας
1311 1731 1516 1772 ἐντεῦθεν.
1575 1731 1687 1772 εἰδὲ
1730 1735 1747 1744 ’

231 1898 267 1931 in
293 1906 361 1942 quo
391 1906 538 1930 numero
569 1907 647 1931 esse
678 1907 722 1931 ex
740 1898 879 1931 indiciis
905 1897 1109 1942 quibusdam
1136 1897 1341 1941 suspicabar
1366 1897 1512 1932 Lindum
1534 1897 1687 1941 Ialysum
1728 1886 1756 1932 ’ὲ

233 1950 268 1978 et
296 1944 512 1988 splendidam
543 1944 736 1986 Camirum‚
763 1955 906 1989 quarum
944 1945 1079 1978 urbium
1107 1944 1249 1977 Homeri
1274 1944 1504 1990 Melesigenis
1530 1945 1689 1979 meminit
1731 1940 1757 1972 ³0

232 1991 406 2034 Calliope.
443 1991 584 2024 incolae
608 1992 747 2025 insulae
779 1997 878 2025 erant
905 1992 1053 2024 maxima
1083 2002 1125 2024 ex
1150 1996 1249 2034 parte
1277 1992 1390 2025 nostri
1419 1992 1609 2036 populares
1630 1997 1687 2025 at-

231 2050 300 2083 que
331 2039 548 2072 orthodoxae
577 2039 670 2080 fidei,
700 2045 891 2083 nostraque
920 2044 1062 2072 utuntur
1078 2039 1209 2072 Graeca
1239 2038 1372 2082 lingua.
1423 2038 1489 2073 filii
1505 2040 1688 2074 enimsuut
1735 2035 1758 2072 ἶ

231 2087 387 2120 virorum
418 2086 573 2127 illorum,
591 2087 649 2130 qui
679 2086 806 2119 abhinc
830 2096 900 2118 non
929 2085 1099 2130 italongo
1124 2091 1282 2129 tempore
1299 2086 1483 2128 interiere,
1513 2092 1548 2120 et
1562 2098 1687 2131 quam.-
1746 2094 1747 2098 ’

231 2143 333 2177 quam
363 2133 512 2176 plurima
542 2134 731 2167 certamina
761 2134 926 2167 serebant
959 2143 1035 2165 cum
1068 2133 1214 2174 Latinis,
1242 2134 1301 2177 qui
1330 2133 1530 2168 triremibus
1559 2136 1686 2168 armis-
1732 2133 1758 2176 μ’

231 2191 299 2224 que
323 2180 442 2213 multis
473 2191 533 2214 eos
558 2181 832 2222 adoriebantur,
871 2181 916 2213 ob
946 2181 1158 2223 paucitatem
1186 2185 1301 2213 tamen
1330 2180 1519 2214 inferiores
1549 2182 1686 2215 disces·

230 2238 310 2260 sere
339 2233 373 2260 et
401 2238 480 2260 sese
505 2228 608 2261 inviti
634 2228 832 2261 subiecere.
893 2238 1012 2260 eorum
1040 2226 1202 2260 nonnulli
1228 2228 1464 2271 praegrandes
1501 2234 1586 2262 natu
1621 2229 1686 2262 ad-
1736 2230 1748 2241 ³

231 2274 298 2307 huc
328 2275 364 2307 in
390 2275 481 2308 vivis
501 2280 592 2317 sunt,
616 2276 786 2318 pristinae
808 2275 989 2307 felicitatis
1017 2284 1191 2318 nunquam
1215 2284 1286 2308 non
1310 2285 1496 2317 memores,
1521 2281 1555 2309 et
1579 2286 1686 2319 pere..
1735 2279 1744 2308 1'

230 2322 363 2366 grinis,
394 2322 454 2366 qui
484 2321 570 2355 illuc
604 2327 786 2356 transeunt
815 2323 972 2355 suaviter
1002 2321 1089 2355 haee
1120 2327 1301 2362 enarrant;
1343 2321 1378 2354 hi
1407 2322 1571 2357 dicebant
1607 2333 1687 2358 sese
1732 2318 1759 2355 ’Ῐ

231 2369 371 2413 quidem
401 2369 564 2402 infelices
594 2380 699 2411 esse,
734 2370 825 2413 quod
855 2370 973 2413 iugum
1004 2369 1185 2402 servitutis
1224 2379 1300 2402 cum
1333 2369 1498 2403 libertate
1528 2380 1687 2404 commu-

231 2421 376 2457 tuissent,
403 2421 554 2449 attamen
584 2416 743 2460 alioquin
759 2416 850 2450 bona
874 2417 1012 2449 fortuna
1036 2416 1098 2456 uti,
1130 2415 1222 2459 quod
1252 2417 1389 2449 externi
1419 2416 1552 2459 hostes,
1582 2428 1686 2461 quum
1736 2413 1743 2443 ἶ

230 2463 369 2496 insulae
393 2463 523 2496 domini
552 2463 587 2496 in
616 2465 720 2497 armis
749 2465 963 2508 studiisque,
993 2473 1083 2507 quae
1112 2463 1153 2495 ad
1185 2462 1317 2495 bellum
1342 2465 1532 2507 pertinent,
1559 2465 1686 2498 vivere

230 2511 360 2543 assueti
388 2515 524 2551 essent,
554 2520 626 2544 non
655 2510 802 2554 amplius
831 2511 999 2543 infestare
1028 2508 1176 2542 insulam
1202 2516 1358 2552 possent,
1389 2516 1424 2543 et
1452 2511 1544 2554 quod
1571 2511 1686 2544 bonae
1735 2531 1744 2553 ,-

228 2557 330 2601 leges
358 2558 394 2589 in
425 2557 511 2591 foris
540 2558 750 2601 iudiciisque
770 2557 906 2591 insulae
932 2562 1170 2597 versarentur,
1186 2557 1335 2590 avaritia
1358 2562 1475 2590 autem
1490 2558 1564 2591 fere
1579 2558 1685 2592 abes-
1734 2557 1739 2560 ”

228 2609 294 2637 set.
345 2604 412 2636 huc
441 2605 611 2638 accedere
646 2606 739 2649 quod
766 2605 880 2638 sortiti
919 2610 1037 2637 essent
1069 2603 1240 2644 insulam,
1277 2614 1366 2647 quae
1395 2605 1567 2648 gauderet
1593 2605 1685 2638 hona

229 2650 323 2683 coeli
348 2653 520 2694 temperie
544 2657 579 2684 et
607 2658 770 2695 portuum
800 2662 839 2684 ac
863 2650 1041 2685 navalium
1071 2649 1289 2694 praeclarum
1313 2651 1459 2684 haberet
1488 2652 1612 2694 situm,
1641 2657 1679 2684 ut

235 2707 356 2731 omnes
386 2698 491 2731 facile
524 2699 686 2742 accipere
713 2705 857 2742 possent
884 2700 941 2742 qui
971 2703 1187 2731 mercaturae
1218 2697 1400 2731 faciendae
1429 2707 1534 2732 causa
1569 2699 1684 2732 unde-
1734 2710 1735 2713 ¹

199 2770 204 2773 »
233 2755 384 2790 cunque
401 2745 621 2780 advenirent.
665 2747 746 2781 inde
771 2747 847 2781 fieri
883 2751 921 2779 ut
948 2755 1062 2779 rerum
1099 2744 1275 2779 venalium
1309 2746 1456 2780 facultas
1486 2746 1619 2792 largior
1650 2752 1685 2781 et
1731 2791 1734 2802 Ι
