1826 3120
280 110 376 161 336
686 99 983 163 mcsspnom
1033 115 1339 173 GREGQRAE

278 239 356 266 στα
385 222 549 266 πάντων
591 226 778 268 ἐνταῦθα
822 226 919 281 περὶ
946 227 1099 281 σοφιάς
1147 222 1521 280 φιλοσοφήσαντα,
1548 218 1621 265 κατ’
1647 222 1738 269 διε,-

279 290 401 338 λὸντα
438 293 586 348 σαφαῖς
631 289 833 347 ἑκάτερα,
872 291 947 345 τήν
985 306 1029 333 τε
1072 291 1228 346 σοφίαν
1259 287 1331 345 τὴν
1374 283 1580 347 duranum,
1606 289 1662 332 δι’
1687 281 1735 345 ἧς

279 357 352 400 καί
384 359 427 400 ἐν
466 353 494 415 ᾗ
532 358 581 401 τοὶ
627 359 762 400 πάντα
807 361 967 414 γέγονε,
1009 358 1081 399 καί
1119 352 1176 399 αὖ
1213 355 1287 411 τὴν
1326 356 1396 399 ὑπ’
1425 357 1555 414 αὐτῆς
1581 356 1652 399 καί
1680 356 1733 397 δι”

277 419 410 479 αὐτῆς
428 426 775 480 συνυφανθεῖσαν
792 425 865 465 καί
880 427 1156 466 συντεθεῖσαν
1175 423 1341 480 οὐρανῷ
1358 425 1429 466 κοιι1
1457 426 1510 480 γῇ
1535 425 1607 476 καί
1630 424 1733 464 πᾶσι

275 492 474 544 τεχνικῶς
507 506 549 532 τε
575 493 660 532 'uae‘
695 493 837 546 σοφῶς
868 495 954 539 τοῖς
993 493 1203 544 κτίσμασι,
1233 488 1363 544 ψιλὴν
1392 491 1466 531 καί
1497 488 1770 538 α’νυπὸστα-5

275 571 342 599 τον
374 555 562 612 φάμενον
587 559 682 598 καθ’
711 555 844 612 αὗτὴν
874 558 1080 599 ἐπίνοιαν.

145 631 261 667 1⁰2
401 621 493 664 'Em'
521 622 569 679 δὴ
600 622 763 673 τούτοις
791 626 863 665 καί
892 629 978 673 τοῖς
1006 621 1211 673 τοιούτοις
1243 622 1373 673 πολὺς
1393 625 1545 680 ἐφεξῆς
1577 621 1598 664 ὅ
1620 624 1736 677 Γρη-

275 692 402 743 γορᾶς
432 688 560 746 ἐρρύη
591 686 859 745 κατατρέχών
894 693 1115 743 Παλαμᾶν
1146 705 1186 732 τε
1228 687 1359 732 αὐτὸν
1396 692 1468 732 καί
1497 690 1571 739 τοὶς
1601 688 1738 731 αὐτοῦ

273 759 561 813 βλασφημίας,
590 755 810 811 α’λλότριον
829 755 1060 812 ἐπιστήμης
1082 756 1254 811 ’ἁπάσης
1281 754 1442 806 δεικνὺς
1462 758 1535 812 τῆς
1555 771 1597 798 τε
1627 754 1734 811 ἦμε-

275 823 398 875 τέρας
429 821 501 864 καί
527 825 737 877 θύραθεν.
799 824 852 863 δι’
884 821 911 863 ιῖ
941 824 1012 864 καί
1042 826 1187 872 κακιάς
1215 817 1389 877 ὅργανον
1414 824 1621 876 γεγονέναι
1652 820 1733 880 ῥᾳ-
1747 837 1790 874 10

277 889 377 937 δι’ως
407 887 537 931 αὐτὸν
567 890 763 943 ἐβεβαίου
779 904 819 930 τε
853 887 925 930 καὶ
944 891 1232 944 συνεπὲραινε,
1261 889 1332 941 τῆς
1363 889 1549 943 α’ληθοῦς
1577 891 1732 944 σοφίας

275 952 454 1006 εἰσάπαξ
488 955 755 1010 ἀπερρωγότα
782 957 853 997 καί
876 957 1223 1008 ἐκτετοπισμένον.
1295 952 1394 996 ὅθεν
1423 953 1443 996 ὅ
1472 953 1732 1010 βαρύστονος

89 1022 117 1060 f.
142 1025 211 1061 152
226 1035 261 1060 v.
276 1020 430 1068 ἐκεῖνος
458 1019 529 1062 καί
557 1020 771 1075 α’λιτὴριος
807 1023 974 1076 πληγείς
1013 1021 1090 1076 τήν
1133 1023 1309 1077 καρδίαν
1340 1023 1411 1062 καί
1437 1015 1524 1062 οἷον
1552 1019 1734 1076 ἐμβρόν-

274 1103 392 1143 τητος
419 1086 597 1141 γεγονώς
619 1088 720 1142 ἐβόα
743 1103 785 1130 τε
817 1088 1032 1142 ἀσελγῶς,
1062 1087 1111 1130 τά
1145 1089 1308 1143 συνήθη
1341 1086 1509 1144 φύρδην
1530 1085 1601 1129 καί
1628 1102 1734 1141 συγ-

273 1157 514 1207 κεχυμένως
545 1156 776 1210 συνείρων,
821 1156 893 1195 καί
929 1149 1013 1196 οἷον
1055 1153 1184 1198 εἰπεῖν
1210 1153 1406 1209 ἒμεμήνει
1437 1152 1482 1195 τὸ
1514 1153 1730 1208 κάθαρμα.
1746 1165 1789 1200 15

274 1219 338 1261 διὸ
372 1222 443 1262 καί
472 1219 492 1261 ὅ
520 1219 720 1273 βασιλεῦς
751 1221 881 1264 οἱονεί
901 1237 987 1270 πως
1021 1223 1154 1263 αὐτοῦ
1184 1218 1452 1277 φειδόμενος,
1486 1219 1631 1275 πράως
1661 1223 1734 1263 καί

272 1284 376 1340 μετὰ
401 1287 557 1340 σεμνοῦ
587 1288 866 1341 μειδιάματος
884 1290 1086 1343 στραφεὶς
1107 1285 1208 1343 πρὸς
1242 1285 1314 1329 τὸν
1338 1289 1572 1347 Γρηγορᾶν,
1592 1286 1733 1343 ἡσυχῇ

273 1369 359 1402 πως
390 1353 463 1395 καί
490 1349 598 1406 Ιὅσον
637 1354 695 1409 μὴ
728 1354 1007 1406 ἐξακούεσθαι
1047 1353 1153 1407 πρὸς
1184 1353 1255 1396 τόν
1284 1355 1527 1407 Παλαμᾶν,
1555 1349 1730 1409 παρῄνει

271 1435 316 1460 τε
345 1423 418 1461 καί
447 1421 725 1473 συνεβούλευε
754 1423 997 1475 πραοτέρως
1023 1420 1277 1463 α’ντιδιδόναι
1301 1420 1400 1471 τούς
1429 1419 1577 1474 λόγους
1605 1419 1732 1476 αὐτῷ,

271 1483 330 1540 μή
350 1502 389 1527 τι
420 1487 493 1527 καί
523 1483 637 1544 πάθῃ
657 1490 741 1529 τῶν
770 1485 997 1542 ἀδοκήτων.
1030 1484 1054 1526 ὃ
1083 1488 1120 1527 δ’
1143 1485 1421 1530 ζ.νέ’(τταιτοῦ’τ”
1448 1481 1788 1541 α’ποκρινάμε-2ο

183 1594 187 1598 ,
271 1567 340 1601 νος
369 1550 579 1607 ἐσιώπησε
610 1555 685 1594 τοῦ
719 1553 882 1594 λοιποῦ.
1780 1548 1782 1550 ’

144 1625 255 1660 1118
394 1614 446 1661 Ὅ
468 1634 514 1673 γε
559 1620 642 1674 μὴν
674 1621 892 1673 Παλαμᾶς
934 1617 1008 1675 τὴν
1047 1615 1203 1662 ἑαυτοῦ
1227 1619 1482 1674 βουλόμενος
1510 1616 1569 1661 ἔτι
1597 1622 1731 1660 πολυ-

271 1818 433 1853 admirari
469 1818 654 1853 Maximum
688 1818 790 1853 illum
828 1819 985 1854 divinum
1011 1819 1154 1863 pietatis
1188 1825 1476 1864 praeceptorem,
1514 1819 1608 1865 quod
1643 1818 1728 1864 pul-

271 1866 447 1900 cherrime
485 1867 638 1899 omnium
682 1866 741 1899 hic
775 1867 818 1900 de
861 1868 1037 1910 sapientia
1078 1866 1348 1910 philosophatus
1384 1872 1437 1901 est
1483 1872 1518 1901 et
1548 1867 1729 1911 sapienter

271 1918 457 1957 utrumque
484 1914 652 1955 secrevit,
682 1915 890 1958 sapientiam
915 1915 1078 1947 nimirum
1104 1914 1307 1956 increatam,
1332 1924 1400 1958 qua
1431 1919 1466 1947 et
1489 1914 1524 1947 in
1550 1924 1618 1959 qua
1643 1914 1726 1947 uni..

270 1970 374 1994 versa
410 1960 502 1993 facta
527 1965 633 2001 sunt,
669 1966 703 1993 et
742 1972 861 1994 rursus
896 1962 1042 1995 alteram
1074 1961 1116 1994 ab
1152 1971 1193 1994 ea
1229 1966 1262 1994 et
1299 1971 1362 2004 per
1402 1971 1477 1994 eam
1501 1962 1668 1994 intextam
1694 1965 1728 1993 et

270 2008 499 2050 compositam
527 2007 630 2040 coelo
660 2013 694 2041 et
717 2013 834 2041 terrae
862 2014 895 2041 et
922 2008 1080 2042 omnibus
1107 2009 1234 2041 creatis
1267 2008 1458 2052 artificiose
1487 2013 1521 2041 et
1549 2008 1728 2052 sapienter

268 2064 371 2098 quam
399 2060 539 2087 tenuem
565 2055 651 2087 dicit
678 2060 713 2088 et
739 2055 955 2089 substantiae
984 2061 1162 2089 carentem
1188 2065 1251 2098 per
1276 2066 1315 2089 se
1342 2055 1607 2099 cogitationem.

400 2118 453 2151 Ad
480 2116 568 2150 haec
598 2123 632 2150 et
657 2118 742 2151 talia
764 2119 891 2152 deinde
917 2119 1092 2164 Gregoras
1115 2118 1241 2151 multas
1268 2128 1348 2152 suas
1375 2119 1411 2151 in
1426 2118 1599 2152 Palamam
1627 2119 1725 2153 eius..

269 2174 338 2208 que
365 2165 528 2197 convicia
555 2165 675 2198 effudit
700 2166 979 2199 insectationes:
1017 2166 1093 2199 cum
1121 2166 1324 2198 ostenderet
1361 2165 1515 2198 alienum
1542 2176 1618 2199 eum
1646 2176 1725 2199 esse

268 2211 310 2244 ab
338 2212 430 2244 omni
456 2212 606 2244 scientia
633 2217 668 2245 et
693 2218 814 2246 nostra
842 2218 876 2246 et
903 2219 1060 2254 externa;
1093 2218 1307 2256 quapropter
1329 2213 1430 2245 etiam
1457 2213 1639 2255 pravitatis
1665 2213 1724 2245 in-

269 2262 498 2291 strumentum
524 2258 625 2291 illum
652 2259 782 2292 factum
810 2270 889 2293 esse
920 2260 1026 2293 facile
1044 2259 1240 2292 affirmabat
1258 2264 1293 2292 et
1319 2259 1565 2302 concludebat,
1592 2270 1612 2293 a
1638 2270 1724 2293 vera

267 2305 442 2348 sapientia
467 2305 578 2338 semel
606 2306 790 2350 abruptum
820 2312 854 2339 et
872 2307 1044 2340 exsulem.
1095 2306 1221 2339 deinde
1246 2306 1354 2340 miser
1380 2306 1444 2340 ille
1472 2312 1507 2339 et
1531 2307 1722 2350 piacularis

267 2357 391 2395 pectus
419 2351 563 2395 pulsans
591 2358 626 2385 et
651 2358 688 2386 ut
714 2355 884 2386 attonitus
910 2354 1014 2387 nimis
1053 2352 1158 2386 valde
1186 2353 1374 2395 clamabat,
1401 2354 1584 2387 notissima
1609 2348 1723 2387 i'ndis-

266 2404 362 2431 certc
402 2405 436 2432 et
473 2399 621 2432 confuse
647 2410 860 2442 conserens,
901 2406 936 2433 et
977 2405 1014 2433 ut
1053 2400 1108 2432 ita
1128 2401 1239 2433 dicam
1266 2400 1406 2443 furebat
1442 2400 1579 2445 hostiae
1605 2401 1720 2434 modo.

266 2450 455 2488 propterea
482 2447 585 2479 etiam
611 2457 675 2480 rex
701 2448 953 2491 quodammodo
982 2448 1014 2480 ei
1040 2457 1190 2489 parcens
1219 2452 1254 2480 et
1280 2446 1418 2490 placide
1444 2448 1631 2492 animoque
1657 2458 1721 2480 ae-

265 2502 335 2536 quo
363 2498 397 2525 et
423 2498 572 2537 augusto
600 2504 676 2526 cum
702 2495 774 2527 risu
811 2495 853 2527 ad
881 2494 1071 2538 Gregoram
1110 2504 1329 2535 conversus,
1357 2494 1486 2527 leniter
1512 2495 1587 2528 fere
1614 2500 1648 2528 et
1670 2495 1722 2527 ita

264 2544 302 2572 ut
327 2549 347 2571 a
372 2539 511 2572 Palama
538 2541 651 2573 audiri
676 2550 746 2573 non
775 2547 907 2584 posset,
935 2541 1102 2575 suadebat
1135 2541 1307 2585 dabatque
1344 2541 1550 2583 consilium,
1576 2547 1614 2575 ut
1640 2541 1720 2584 pla-

264 2586 416 2619 cidiores
444 2587 476 2619 ei
503 2588 670 2620 redderet
695 2598 898 2628 sermones,
926 2598 972 2621 ne
998 2588 1080 2631 quid
1106 2588 1384 2630 inexspectatum
1419 2594 1610 2632 pateretur.
1660 2588 1720 2632 qui

264 2642 361 2674 cum,
389 2633 456 2666 hoc
485 2634 563 2675 erit,
590 2635 845 2678 respondisset,
872 2635 938 2668 iam
966 2635 1137 2679 conticuit
1161 2640 1295 2678 postea.

394 2695 551 2732 Palamas
578 2702 692 2731 tamen
720 2709 796 2731 cum
824 2687 949 2743 dogma
982 2708 1080 2733 suum
1107 2697 1294 2732 multorum
1321 2699 1465 2733 deorum
1491 2700 1602 2746 magis
1628 2708 1720 2733 con-
