1826 3120
293 138 356 191 76
693 151 988 198 mcEPnom
1033 149 1335 204 GREGORAE

291 258 422 303 πλείω
460 259 565 301 κατὰ
602 258 648 301 τὸ
682 260 855 312 συνεχὲς
888 255 1129 312 ἤθροικοός,
1168 252 1264 312 ἧκεν
1299 252 1429 308 αὖθις
1471 255 1527 307 ὥς
1553 255 1767 314 πρότερον,

292 316 390 379 ἧμῖν
419 323 469 367 τά
498 324 726 378 λειπόμενα
759 321 1030 378 ἀπαγγέλλων
1059 321 1165 378 ἑξῆς.
1223 318 1331 378 ἦσαν
1365 325 1411 366 δὲ
1439 325 1590 367 τοιαδί.

204 396 279 431 10
429 394 512 434 Τοῦ
541 392 881 444 Γαλατωνύμου,
913 394 1040 445 φησί,
1077 391 1286 446 φρουρίου
1323 393 1397 445 γῆς
1439 392 1512 432 καί
1536 387 1749 446 θαλάττης

292 458 661 510 ἆποκλεισθέντος,
693 456 764 499 καί
800 457 881 498 τῶν
912 454 1101 499 ὁλκάδων
1143 457 1192 499 αἲ
1219 455 1294 511 τὴν
1323 458 1602 509 σιτοπομπίαν
1632 459 1748 515 αὐτῷ

290 523 480 577 ἐκόμιζον
509 525 553 566 ἑκ
584 526 656 578 τῆς
688 519 851 565 ἄνωθεν
874 522 1100 579 θαλάττης,
1131 523 1406 581 ἀφῃρημένου
1426 521 1531 577 πρὸς
1557 525 1641 566 τῶν
1660 527 1748 566 Βε-

290 593 482 646 νετικῶν,
512 590 568 640 ὥς
598 588 788 646 εἴρηται,
822 591 1203 652 τεσσαρεσκου’δεκα
1232 594 1406 644 μακρῶν
1445 590 1613 633 ἐκείνων
1643 591 1748 644 νεῷν

288 655 373 699 ἔτει
408 657 610 711 πρότερον
639 654 715 708 ἔνι’,
747 656 939 698 κάκεῖθεν
971 655 1116 699 ἔπειτα
1145 656 1221 712 την
1250 655 1450 713 τοιαύτην
1477 655 1621 713 μάχην
1650 658 1749 699 δια-

289 725 516 777 δεξαμένου
543 725 619 764 τοῦ
645 724 869 778 βασίλεως,
897 726 970 766 καί
996 722 1186 779 τριήρεσι
1210 726 1290 778 μὲν
1319 726 1364 766 ἐκ
1385 722 1603 779 θαλάσσης
1634 725 1748 776 δέκα,

286 796 602 844 στρατιωτικαῖς
623 792 659 832 δ’
673 792 716 840 ἐξ
738 790 914 844 η’πείρου
931 790 1136 843 δυνάμεσι
1155 792 1414 845 μαχομένου,
1440 788 1588 840 σπάνις
1607 789 1749 846 μακρὰ

288 860 372 900 τῶν
398 859 641 913 ἐπιτηδείων
672 856 769 907 τούς
793 856 910 899 ἔνδον
933 863 1098 912 κατεῖχε
1116 859 1339 907 Λατίνους,
1385 856 1450 900 διὸ
1474 858 1781 913 πρεσβεύεταιῑ

290 922 395 978 πρὸς
425 921 582 973 αότούς
610 920 821 979 ε’λεήσαςὸ
845 925 1058 977 βασιλεύς,
1088 926 1140 965 δι’
1162 921 1296 980 ὅρκων
1325 925 1438 981 σφᾶς
1458 925 1660 980 ἀζημίους
1675 924 1750 978 βε-

288 991 422 1044 βαιῶν
439 990 629 1046 α’φιέναι,
653 989 728 1032 εἴτ’
746 988 894 1033 αὐτόθι
920 993 1139 1046 καθῆσθαι
1161 991 1391 1047 βούλοιντο,
1412 990 1484 1034 εἴτ’
1501 986 1578 1033 οὖν
1592 988 1750 1046 πορεύ-

289 1060 413 1100 εσθαι
435 1053 514 1115 ὅπῃ
540 1059 772 1111 βούλοιντο,
794 1061 1122 1111 καθαιρεθέντος
1152 1059 1351 1114 πρότερον
1378 1058 1453 1101 τοῦ
1474 1056 1521 1099 τὸ
1544 1055 1749 1115 φρούριον

287 1126 535 1178 τειχίζοντος
551 1127 780 1179 νεοπαγοῦς
799 1123 1040 1180 περιβόλου.
1073 1124 1177 1179 πρὸς
1199 1123 1226 1166 ἃ
1242 1126 1626 1179 τερατευσαμὲνους
1642 1125 1750 1167 ε’κεί-

287 1206 383 1241 νους
400 1191 451 1233 τά
473 1207 517 1233 τε
540 1187 647 1233 ἄλλα
670 1192 742 1246 τῆς
760 1193 962 1241 εἰωθυίας
981 1191 1051 1233 καὶ
1069 1196 1145 1233 νῦν
1163 1191 1324 1248 ὀφρύος
1340 1191 1663 1246 α’ποκρίνασθαι,
1679 1191 1780 1234 nali

285 1260 364 1311 μὲν
382 1257 432 1312 δὴ
457 1259 530 1300 καί
548 1256 624 1312 ὅτι,
655 1260 787 1312 εἰμὲν
807 1256 870 1301 ἑνί
888 1260 973 1316 θεῷ
995 1260 1051 1316 τῷ
1073 1261 1146 1300 τοῦ
1176 1259 1333 1307 παντὸς
1349 1256 1570 1314 ἐῦἁτρευες
1598 1259 1754 1315 ποιητῇν

287 1323 461 1380 δηλαδή,
494 1320 544 1380 ἧν
572 1321 622 1367 ἂν
642 1325 852 1384 ὡρισμένῃ
871 1325 1014 1383 μνήμῃ
1039 1326 1114 1376 τὰς
1143 1328 1226 1368 τῶν
1249 1322 1383 1379 δ’ρκων
1412 1326 1650 1382 α’σφαλείας
1677 1324 1750 1379 ἐγ-

288 1394 527 1444 κλείοντας,
559 1390 798 1448 α’φρόντιδα
827 1394 920 1447 βίον
946 1394 989 1435 έν
1018 1393 1244 1450 α’τειχίστῳ
1276 1391 1438 1447 διάγειν
1456 1394 1615 1451 χωρίῳ.
1674 1393 1749 1434 νῦν

289 1459 328 1498 δ’
361 1458 436 1499 οὐκ
466 1457 600 1501 εἰδόσι
631 1460 713 1500 τίνι
743 1462 827 1501 τῶν
857 1459 1043 1513 ἀπείρων
1075 1456 1135 1508 οἷς
1167 1456 1385 1514 λατρεύεις
1415 1462 1532 1509 θεοῖς
1564 1458 1641 1508 τὰς
1674 1460 1748 1514 τῆς

287 1522 463 1574 πίστεως
504 1526 641 1577 νέμεις
683 1512 857 1579 ἐγγύας,
889 1527 1072 1568 δεδιέναι
1110 1524 1170 1580 μὴ
1210 1528 1574 1580 συναρπασθεῖσιν
1603 1523 1804 1568 ἔπειτα20

289 1589 363 1639 τὰς
393 1587 521 1640 ἆκοάς
556 1590 627 1634 διά
658 1607 704 1634 τε
738 1595 810 1648 τῆς
858 1591 1102 1646 ὁμωνυμίας
1140 1592 1214 1634 καὶ
1255 1594 1326 1648 τῆς
1367 1594 1443 1634 τοῦ
1479 1587 1614 1645 μόνου
1639 1594 1747 1633 θεοῦ

288 1660 593 1712 προσηγορίας,
624 1659 668 1707 ἐς
703 1657 780 1714 τήν
799 1662 873 1715 τῆς
901 1659 1097 1714 α’πειρίας
1118 1660 1273 1715 ἐκείνης
1301 1651 1506 1713 ἀνάχυσιν
1534 1654 1746 1700 καταδύν-

287 1739 375 1776 τας,
409 1724 599 1781 ἀπείροις
628 1729 975 1781 περιαντλεῖσθαι
1005 1729 1171 1782 γε’νηται
1196 1728 1410 1781 ναυαγίοις
1445 1718 1566 1782 ἡμῶν
1596 1726 1745 1773 αὐταῖς

288 1928 387 1960 venit
412 1928 562 1970 iterum,
592 1934 630 1962 ut
664 1934 791 1972 antea,
830 1939 921 1974 quae
952 1935 1129 1974 restarent
1167 1929 1269 1964 nobis
1309 1929 1478 1973 deinceps
1507 1929 1742 1963 nuntiaturus.

288 1974 378 2007 baec
403 1980 520 2009 autem
545 1976 727 2010 nobiscum
755 1978 1039 2011 communicavit.

421 2033 590 2076 Galatae,
617 2036 751 2079 inquit,
779 2036 927 2069 castello
964 2042 1059 2070 terra
1094 2037 1253 2080 marique
1293 2035 1487 2069 intercluso
1522 2034 1744 2079 navibusque

289 2081 475 2122 onerariis,
503 2092 593 2125 quae
627 2089 856 2116 commeatum
883 2094 926 2116 ex
952 2084 1128 2127 superiori
1150 2084 1234 2116 mari
1265 2084 1298 2116 ei
1323 2084 1555 2124 advexerunt,
1579 2093 1600 2115 a
1623 2081 1744 2115 Vene-

288 2129 332 2160 tis
358 2129 638 2171 quattuordecim
662 2130 812 2163 navibus
838 2130 968 2175 longis,
995 2136 1033 2164 ut
1059 2141 1162 2174 supra
1188 2131 1516 2172 demonstravimus,
1545 2139 1637 2162 anno
1663 2133 1744 2162 ante

290 2175 441 2218 privato,
467 2187 572 2220 quum
601 2177 792 2221 imperator
819 2178 887 2211 iam
914 2179 1105 2211 certamine
1130 2183 1294 2221 suscepto
1320 2178 1441 2211 decem
1473 2176 1673 2211 triremibus
1701 2186 1743 2209 ex

290 2222 390 2263 mari,
418 2224 532 2267 copiis
558 2225 780 2267 pedestribus
811 2235 854 2258 ex
879 2230 973 2258 terra
1010 2225 1203 2258 continenti
1232 2235 1304 2258 rem
1337 2230 1492 2268 gereret,
1521 2224 1651 2257 factum
1677 2227 1742 2264 est,

289 2274 328 2301 ut
351 2268 467 2303 Latini
491 2280 617 2314 magna
642 2272 922 2305 necessariarum
951 2283 1067 2306 rerum
1089 2273 1209 2316 inopia
1233 2273 1327 2305 intus
1352 2276 1607 2315 premerentur.
1634 2279 1743 2314 quare

287 2316 479 2359 imperator
501 2319 743 2352 misericordia
773 2325 964 2353 commotus
984 2321 1026 2353 ad
1053 2329 1113 2352 eos
1138 2320 1233 2353 misit
1257 2319 1410 2362 legatos,
1439 2329 1503 2362 per
1527 2328 1615 2363 quos
1642 2318 1742 2350 iure-

288 2364 433 2397 iurando
456 2365 666 2409 interposito
698 2367 882 2409 promisit,
911 2377 949 2400 se
977 2377 1037 2400 eos
1068 2368 1209 2410 impune
1237 2367 1455 2399 dimissurum
1483 2376 1562 2399 esse
1590 2363 1742 2399 sive-ibi

288 2411 475 2445 considere
501 2412 652 2454 vellent,
680 2414 757 2447 sive
781 2414 893 2456 abire,
921 2423 989 2458 quo
1017 2414 1158 2455 liberet,
1184 2413 1311 2447 deletis
1337 2418 1453 2446 tamen
1473 2418 1578 2446 antea
1601 2411 1742 2445 moeni-

286 2457 351 2490 hus
379 2459 519 2492 castelli
544 2470 670 2493 recens
698 2462 899 2495 exstructis.
941 2462 983 2494 ad
1008 2461 1096 2494 haec
1120 2460 1174 2493 illi
1196 2460 1388 2506 gloriantes
1414 2471 1518 2504 quum
1543 2459 1614 2492 alia
1638 2467 1742 2491 arro-

285 2505 405 2549 gantia
432 2507 631 2540 etiamnunc
655 2508 782 2541 usitata
804 2509 1034 2552 respondere,
1050 2513 1128 2541 tum
1154 2508 1183 2540 si
1210 2507 1347 2552 quidem
1367 2517 1472 2540 unum
1499 2507 1602 2540 deum
1626 2514 1743 2538 rerum

284 2551 528 2587 universitatis
567 2560 761 2588 creatorem
792 2555 968 2597 coleret,
994 2556 1090 2588 firma
1132 2555 1301 2587 memoria
1333 2554 1559 2587 iurisiurandi
1593 2554 1743 2597 pignora

286 2598 549 2634 includentibus
576 2602 643 2635 sibi
668 2612 827 2635 securam
853 2603 960 2636 vitam
988 2603 1091 2635 etiam
1119 2603 1155 2635 in
1184 2602 1264 2634 loco
1290 2611 1361 2634 non
1386 2602 1518 2634 munito
1539 2600 1652 2634 licere
1676 2597 1743 2631 de-

285 2655 397 2689 gere;
425 2649 588 2691 quoniam
615 2658 702 2682 vero
725 2650 917 2690 nescirent,
954 2650 1090 2682 cuinam
1121 2648 1441 2689 innumerabilium,
1469 2657 1557 2692 quos
1587 2655 1740 2681 venera-

284 2696 383 2726 retur
401 2717 410 2734 ,
438 2694 583 2727 deorum
618 2696 699 2729 fidei
734 2698 959 2740 sponsionem
998 2697 1163 2737 fecisset,
1188 2697 1312 2729 timere
1337 2706 1396 2736 se,
1423 2706 1482 2737 ne,
1507 2694 1614 2729 simili
1638 2692 1740 2725 huius
1796 2695 1800 2702 ¹

286 2739 343 2774 «lei
369 2741 512 2775 nomine
539 2747 574 2775 et
599 2743 841 2787 appellatione
873 2744 978 2777 unius
1003 2745 1059 2778 dci
1086 2743 1227 2776 auribus
1264 2743 1415 2776 inductis
1441 2743 1477 2775 in
1502 2741 1679 2780 fraudem,
1705 2740 1742 2772 in
