1826 3120
224 171 316 222 166
626 174 923 221 NICEPHORI
966 172 1270 217 Gli-mour:

219 283 361 328 πόδων
389 286 531 342 μοίρᾳ,
567 282 771 325 ἱπόθεσιν
812 280 888 340 ἔχῃ
921 283 993 322 καί
1034 282 1153 323 τοῦτο
1187 282 1432 336 καυχήσεως
1460 279 1677 335 καί-μάλα

218 355 385 408 μακρᾶς
415 354 458 394 ἐν
486 354 543 407 τῷ
571 353 649 407 βίῳ
679 350 832 404 σοφίας
860 348 992 389 αὐτοῦ
1021 350 1092 389 καί
1121 346 1398 402 στρατηγικῆς
1440 349 1676 402 ἐμπαθῶς,

220 416 358 474 ὥσπερ
393 419 431 461 οἱ
459 419 500 460 ἐν
531 417 830 471 ἱπποδρομίαις
872 414 947 467 τήν
988 412 1181 468 ἱππικήν,
1230 411 1365 463 οὕτως
1392 413 1547 469 αὐτός,
1586 420 1679 464 ταῖς

219 485 339 542 ἡμῶν
371 485 649 538 δυσπραγιάις
680 480 755 536 τήν
784 476 945 525 οἰκείαν
973 480 1114 538 ὀφρύν
1141 479 1466 534 ἐνδεικνύμενος.
1504 483 1580 524 καί
1603 497 1677 535 μοι

219 556 304 596 τῶν
333 554 568 606 λεγομένων
597 548 823 602 μάρτυρας
853 546 902 590 τοὶ
933 547 1026 604 ἑξῆς
1053 550 1270 601 α’ψευδεῖς.
1339 545 1467 604 ἤγαγε
1496 549 1586 603 γὰρ’
1609 549 1711 597 έπί5

219 619 410 674 θυγατρὶ
432 614 624 671 γαμβρὸν
655 611 808 657 ἄκοντα
850 619 922 657 καί
950 614 1066 668 μάλα
1110 613 1256 669 ἥκιστα
1298 618 1371 670 τῆς
1397 617 1501 670 ἐμῆς
1527 615 1678 670 βουλο-

219 688 346 739 μένης
373 683 532 739 μητρὸς
564 685 618 725 δι’
647 681 696 732 ἃς
725 685 915 726 έκλαλεῖν
946 685 999 723 ου’
1030 683 1154 735 θέμις
1184 684 1344 735 αἰτίας,
1376 677 1435 725 ὧν
1464 682 1511 725 τὸ
1542 683 1681 739 α’πορ-

221 767 346 806 ρητον
377 750 507 798 αὐτὸς
535 747 641 791 ἑκών
666 753 950 805 παρατρέχων
982 748 1091 791 ειῖθὺ
1129 753 1213 791 τῶν
1241 750 1358 807 αὐτῷ
1385 751 1680 803 σκοπουμένων

221 817 402 872 ἐβάδιζε.
461 815 510 858 τὰ
553 818 588 858 δ’
620 812 670 871 ἦν
700 812 765 857 δ’τι
795 816 1022 871 φρικώδεις
1052 816 1150 870 ἡμῖν
1195 814 1472 872 παρεσχηκώς
1500 816 1681 872 δημοσίᾳ

218 881 481 931 πνεύσαντας
521 880 667 937 ὅρκους
706 880 819 925 εἶναι’
856 898 900 923 τε
938 882 1075 937 πατήρ
1120 883 1216 935 ε’μοί
1254 885 1327 924 καί
1354 880 1738 937 συμβασιλεύεινιο

219 948 345 1005 ἄχρις
377 946 429 991 ἄν
462 952 503 999 ἐς
545 950 617 992 τὸν
654 948 839 993 εἰκοστὸν
870 952 914 1000 ἐξ
954 947 1124 1005 ἐφήβων
1161 949 1230 1007 ἴδῃ
1259 964 1314 1000 με
1343 951 1681 1003 παραγγέλλοντα

218 1015 385 1070 χρόνον,
410 1016 590 1071 μηδενός
636 1020 717 1059 ταῖν
763 1016 889 1059 υἱέων
920 1019 1054 1058 αὐτοῦ
1097 1019 1144 1074 τῇ
1172 1018 1369 1073 βασιλείᾳ
1395 1013 1681 1070 τολμήσαντος

221 1079 414 1124 ὁπωσοῦν
443 1083 710 1124 ἐπιτίθεσθαι
730 1115 742 1136 ,
778 1079 800 1123 ὃ
834 1085 871 1124 δ’
900 1083 975 1123 οὐκ
1007 1083 1067 1132 εἰς
1093 1080 1263 1137 μακράν
1292 1085 1486 1136 ἐπέραινε
1526 1082 1684 1124 τάναν-

133 1162 205 1196 «fis
221 1152 303 1202 τία,
333 1152 459 1203 λῆρον
491 1145 681 1200 ἅπαντας
711 1147 970 1204 ἡγησάμενος
999 1144 1157 1204 ὅρκους
1181 1152 1376 1198 ἐκείνους.
1436 1149 1508 1191 καί
1525 1149 1605 1202 μὲν
1629 1147 1680 1203 δή

220 1217 293 1259 καί
327 1216 506 1271 Ἀτρέως
543 1211 695 1269 ὄμματ’
743 1214 875 1265 εὐθύς
912 1215 1116 1272 εἰληφώς,
1161 1215 1236 1269 ἐμὲ
1280 1218 1358 1269 μὲν
1387 1218 1432 1258 έν
1476 1216 1607 1270 καρός
1635 1230 1680 1257 τε
1695 1229 1739 1264 15

219 1285 380 1326 ἐτίθετο
420 1285 568 1341 μοίρᾳ,
615 1282 687 1324 καί
714 1279 854 1337 ὥσπερ
896 1281 1042 1324 ὁλκάδι
1073 1283 1270 1339 ἐφόλκιον
1299 1284 1482 1343 ἕπεσθαί
1505 1280 1544 1324 οἱ
1575 1298 1684 1338 προ-

219 1352 392 1394 σέταττε
413 1382 426 1404 ,
457 1357 554 1399 τοῖς
594 1352 633 1392 δ’
670 1348 806 1392 υἱέσιν
838 1348 954 1399 ὅλαις
989 1349 1153 1407 ψήφοις
1189 1353 1332 1405 ψυχῆς
1369 1349 1440 1392 τόν
1468 1352 1683 1404 βασίλειον

220 1420 382 1470 διένεμε
430 1419 602 1472 κλῆρον,
651 1414 698 1458 δν
741 1419 783 1465 ές
830 1415 875 1458 τό
919 1417 1030 1458 πάνυ
1070 1416 1211 1471 βραχύ
1254 1416 1353 1472 πρίν
1395 1413 1423 1471 ἢ
1459 1423 1687 1473 κατασχεῖν

224 1483 294 1527 διὰ
327 1482 586 1540 βαρβάρων,
626 1487 667 1533 ἐς
703 1483 935 1539 βαρβάρων
973 1478 1102 1539 ἤλασέ
1127 1499 1170 1525 τε
1208 1489 1358 1538 χεῖρας
1391 1486 1462 1526 καί
1491 1484 1686 1527 ἐλαύνειν

222 1551 381 1605 ἔμελλε.
441 1552 603 1604 διένεμε
633 1553 668 1592 δ’
712 1551 789 1592 οὔκ
817 1552 1210 1604 ἐκκεκαλυμμένως,
1243 1549 1347 1593 α’)’στε
1378 1553 1450 1593 καί
1479 1553 1520 1602 ἐς
1552 1549 1742 1607 &mni-20

221 1634 313 1660 σιον
341 1617 490 1674 ῥυῆναι
519 1618 592 1659 τὸν
622 1616 790 1672 ἔλεγχον
822 1616 1118 1673 περιφάνειαν,
1147 1617 1448 1672 αἰσχυνόμενος
1479 1616 1579 1668 ἴσως
1605 1619 1684 1674 τήν

223 1684 397 1739 ἔναγχος
429 1683 571 1739 σ’φρύν
619 1688 693 1739 τῆς
724 1687 765 1733 ές
798 1682 912 1725 ἅπαν
943 1683 1064 1734 ἔθνος
1108 1684 1368 1739 καυχήσεως,
1401 1685 1507 1727 ἀλλὰ
1538 1684 1684 1741 κρύφα

222 1753 293 1793 καί
320 1748 378 1805 μή
413 1753 664 1804 τολμῶντος,
695 1748 751 1800 ὥς
785 1745 876 1809 ᾤετ’
907 1751 1051 1804 αὐτός,
1083 1751 1186 1804 ἐμοῦ
1222 1750 1269 1793 τὸ
1297 1747 1501 1806 παράπαν
1526 1750 1684 1796 αἰσθοί-

222 1953 386 1999 gentibus
413 1953 637 1995 venditabat;
663 1964 703 1987 re
731 1963 819 1987 vera
835 1959 951 1987 autem
978 1954 1157 1998 principes
1181 1964 1246 1988 nos
1274 1956 1374 1999 quasi
1396 1966 1521 1991 servos
1547 1962 1680 1992 tracta..

222 2002 284 2036 vit.
346 2000 438 2044 quod
474 2001 560 2034 fecit
593 2006 630 2034 ut
666 2010 707 2034 eo
736 2001 989 2044 promissorum
1021 2007 1263 2046 argumentum
1299 2001 1446 2038 haberet
1481 2009 1516 2038 et
1552 2010 1680 2049 quanta

221 2058 284 2083 sua
312 2053 406 2083 esset
434 2048 530 2081 vitae
555 2048 731 2091 sapientia
758 2054 792 2081 et
817 2049 869 2081 rei
894 2048 1055 2082 militaris
1081 2049 1206 2092 peritia
1242 2050 1459 2084 ostenderet.
1509 2053 1679 2096 quemad-

220 2096 359 2129 modum
385 2095 421 2127 in
449 2095 626 2128 curriculo
653 2096 810 2139 victores
844 2095 888 2128 ob
917 2096 1095 2137 virtutem,
1123 2096 1171 2130 ita
1204 2095 1268 2129 ille
1294 2097 1354 2130 ubi
1379 2107 1444 2131 nos
1470 2099 1505 2131 in
1532 2098 1679 2132 calami..

220 2148 326 2176 tatem
352 2142 578 2175 inciderimus
607 2142 651 2175 ob
669 2142 893 2175 domesticam
917 2142 1123 2176 felicitatem
1141 2143 1325 2186 superbiit.
1353 2154 1499 2188 quorum
1525 2147 1679 2181 omnium

221 2189 415 2223 certissima
439 2189 523 2222 mibi
550 2194 631 2222 sunt
654 2189 869 2222 testimonia.
933 2199 1098 2233 sponsum
1124 2190 1219 2223 dedit
1251 2190 1346 2224 filiae
1383 2191 1532 2227 invitum
1558 2198 1593 2230 et
1619 2194 1678 2226 in..

221 2236 295 2270 vita
320 2241 429 2269 matre
454 2246 531 2269 mea
557 2236 656 2268 cuius
682 2236 877 2269 rationibus
912 2247 997 2280 quas
1023 2247 1115 2270 nunc
1141 2237 1266 2270 afferre
1301 2248 1372 2271 non
1397 2237 1497 2280 licet,
1521 2239 1582 2273 ubi
1609 2241 1678 2273 mi..

221 2284 315 2316 nime
342 2282 462 2320 debuit
488 2284 627 2316 omissis
654 2283 764 2326 ipsius
790 2288 942 2316 mentem
968 2289 1136 2327 protenus
1159 2289 1300 2318 secutus
1329 2291 1393 2319 est.
1447 2286 1550 2320 nobis
1587 2287 1677 2321 enim

222 2329 365 2373 publice
391 2331 602 2374 gravissimo
635 2329 860 2363 iureiurando
885 2330 1123 2364 affirmaverat
1139 2330 1235 2364 velle
1260 2341 1299 2364 se
1328 2331 1413 2365 mihi
1440 2339 1574 2376 patrem
1600 2344 1679 2368 esse

223 2383 258 2410 et
282 2377 384 2421 regni
424 2376 702 2422 gubernaculum
728 2382 852 2410 tenere
883 2377 996 2410 donec
1021 2378 1063 2411 ad
1091 2378 1300 2422 vigesimum
1335 2389 1460 2412 annum
1487 2381 1679 2424 pervenis-

220 2434 314 2465 sem3
350 2434 466 2469 neque
498 2424 594 2457 ullus
632 2424 811 2466 exipsius
849 2423 932 2458 filiis
967 2424 1009 2458 ad
1046 2425 1226 2468 imperium
1262 2426 1459 2459 accederet.
1516 2428 1580 2461 sed
1606 2436 1678 2461 non

220 2471 330 2504 multo
360 2476 440 2514 post
473 2471 591 2504 effecit
628 2471 816 2504 contraria.
876 2481 966 2515 quae
1003 2472 1228 2505 iureiurando
1261 2473 1471 2515 promiserat
1503 2480 1542 2508 ut
1565 2484 1678 2519 nugas

221 2518 437 2551 existimavit
480 2523 514 2550 et
547 2518 648 2552 Atrei
691 2517 804 2550 oculis
847 2518 962 2551 subito
1005 2519 1192 2562 assumptis
1225 2529 1282 2551 me
1318 2519 1479 2563 despexit
1511 2531 1579 2557 nec
1614 2521 1678 2564 pili

221 2564 361 2609 quidem
396 2564 519 2597 habuit
554 2570 588 2598 et
622 2570 784 2608 tanquam
818 2575 942 2599 navem
988 2565 1145 2598 remulco
1187 2576 1242 2598 me
1275 2576 1394 2599 secum
1422 2569 1539 2602 traxit.
1606 2568 1678 2602 suis

221 2617 336 2644 autem
363 2611 445 2644 filiis
473 2622 517 2644 ex
542 2617 614 2644 tota
637 2612 820 2645 voluntate
846 2622 992 2656 regnum
1013 2612 1182 2646 attribuit.
1233 2613 1324 2657 quod
1351 2612 1451 2647 brevi
1479 2615 1679 2659 priusquam

224 2668 287 2701 per
308 2658 476 2691 barbaros
503 2663 627 2691 nactus
654 2664 706 2692 cst
731 2658 957 2692 barbarorum
983 2659 1141 2694 manibus
1167 2659 1308 2693 tradidit
1333 2665 1392 2693 aut
1418 2667 1515 2696 certe
1539 2662 1679 2695 tradere

226 2704 353 2738 voluit.
404 2715 521 2749 neque
551 2705 640 2738 clam
666 2706 710 2738 iis
735 2716 882 2750 reguum
908 2705 1065 2739 attribuit
1099 2707 1146 2740 ita
1171 2711 1208 2740 ut
1246 2707 1398 2740 omnium
1423 2708 1491 2741 sihi
1513 2709 1681 2744 iuvidiam

229 2750 403 2786 excitarit.
471 2752 570 2786 cuius
604 2752 657 2785 rei
684 2752 835 2787 fortasse
871 2763 946 2788 eum
985 2753 1109 2796 puduit
1145 2763 1248 2799 quum
1281 2752 1387 2798 paulo
1421 2760 1502 2790 ante
1534 2753 1683 2800 singulis
