1826 3120
305 168 400 221 174
508 164 519 168 ”
551 164 555 168 ’
706 165 1004 223 memnoni
1046 180 1355 224 GREGORAE
1506 176 1615 217 {22⁴³

300 285 427 342 ου’σης
459 286 615 340 ἐκείνης
646 284 667 325 ὅ
700 271 917 338 Παλαμᾶς
961 286 1117 340 α’-νέγνω
1160 285 1363 341 συνόδου,
1404 278 1607 329 δεικνύειν
1632 287 1789 342 δῆθεν

301 350 459 393 ἐθέλων
491 350 554 402 ὥς,
575 349 724 404 ἥκιστα
755 357 876 393 νοσεῖ
897 355 996 406 περὶ
1022 350 1098 407 τήν
1116 353 1273 406 εὐσεβῆ
1301 354 1455 406 πίστιν,
1485 354 1559 395 καί
1587 355 1687 407 πρὸς
1713 368 1761 407 ys
1787 342 1793 352 Γ

297 417 378 458 τῶν
409 415 576 459 α’τόπων
605 415 773 459 ἐκείνων
802 416 970 471 τόμων,
1010 419 1050 461 εἶ
1087 418 1145 473 μή
1179 419 1315 461 πάντα
1355 417 1760 474 φάναι-συλλήβδην

297 484 339 531 ἐς
363 481 410 525 τὸ
449 484 580 538 μηδὲν
619 483 838 535 ἐλλείπειν,
871 487 962 526 ἀλλ’
999 479 1073 527 οὖν
1115 484 1164 528 τά
1207 485 1463 540 καιριώτερα
1501 487 1586 528 τοῖν
1616 486 1760 540 μερῶν

296 549 589 608 ἀπολεξαμένῳ
621 557 782 603 κομιεῖν
814 551 926 605 ἡμῖν.
1001 554 1067 607 ἐφ’
1098 549 1180 608 ὅτῳ
1212 554 1283 606 δέ,
1316 553 1406 593 οὐδ’
1435 550 1792 607 αὖτὸντεῖγνοεῖνῧ

296 611 413 668 οἶμαι
441 616 512 657 σέ·
571 617 611 658 εἰ
640 618 678 658 δ’
707 612 798 670 οὖν,
830 616 968 676 γνώσῃ
1002 620 1038 659 δ’
1070 614 1183 661 οὗν.”

207 700 278 734 50
430 683 599 725 Τούτων
628 686 668 725 δ’
715 683 826 726 οὕτω
857 689 1092 739 λεχθέντων
1123 686 1247 742 ἡμῖν,
1296 687 1317 728 ὁ
1345 689 1423 740 μὲν
1449 684 1759 741 Ἀναθᾰγγελος

292 749 421 807 α’πῄει
448 750 523 804 τὴν
562 753 767 794 εἰωθυῖαν
795 750 997 806 ἔνδακρύς
1027 768 1071 795 τε
1111 754 1183 795 καί
1219 753 1336 807 μάλα
1376 770 1414 795 τι
1453 755 1676 802 πλείστους
1714 754 1787 794 ἐν·

293 814 501 870 θαλάμοις
531 821 677 872 ψυχῆς
705 819 959 872 ἐπαγόμενος
988 818 1122 875 λύπης
1153 821 1342 875 σωρούς,
1373 819 1455 876 ἐγώ
1480 822 1527 863 δὲ
1549 818 1660 862 οἴκοι
1689 821 1759 860 λε’-

292 887 468 936 λειμμαι
498 885 646 937 μόνος,
687 884 923 939 ἀνθρώπων
959 889 1037 939 μὲν
1079 887 1223 929 ου’δενί
1244 887 1360 946 μόνῳ
1400 889 1446 928 δὲ
1469 887 1756 941 ’προσαψέχων

291 950 378 1007 θεῷ
409 944 507 992 ὅσον
536 948 719 1006 ἐφικτόν,
753 951 811 1001 εἰς
840 952 1022 1005 ἐμαυτὸν
1041 951 1260 1007 γενόμενος
1289 948 1368 1009 ἤδη
1400 952 1474 995 καί
1498 950 1606 1007 πρός
1634 950 1758 1007 ἔκδη-

292 1016 372 1068 μὸν
402 1031 496 1057 τινα
536 1015 608 1057 καὶ
647 1016 915 1072 ὖψηλοτέραν
964 1020 1148 1072 θεωρίαν
1177 1018 1442 1068 ἀναπετάσας
1479 1021 1553 1061 τοῦ
1591 1019 1668 1060 νοῦ
1708 1016 1754 1059 τὸ

292 1080 458 1135 πτερόν,
491 1081 674 1131 καὶτοῖς
714 1083 968 1138 ἀπορρήτοις
1005 1087 1087 1126 τῶν
1129 1079 1260 1126 ὄντων
1295 1082 1574 1140 ἐνδιατρίβειν
1599 1083 1757 1138 ἀφιείς

293 1147 338 1188 ἐν
365 1145 523 1204 γαλήνῃ
554 1151 640 1189 τινί
666 1152 878 1202 λογισμῶν
906 1148 979 1204 τὴν
1002 1149 1207 1192 διάνοιαν.
1238 1151 1333 1192 ἐπεὶ
1360 1152 1405 1192 δὲ
1433 1153 1506 1192 καί
1528 1151 1610 1191 ’τοῦ
1638 1147 1757 1195 ἔτους

293 1213 451 1254 ἐκείνου
491 1211 537 1254 τό
580 1218 773 1256 πλεῖστον
817 1211 896 1270 ἤδη
924 1218 1105 1273 παρῄει,
1145 1216 1189 1259 έν
1218 1211 1250 1276 ᾧ
1278 1221 1445 1266 πολλοῖς
1490 1218 1572 1259 τῶν
1601 1213 1789 1267 &Em-9⁶71

290 1278 627 1335 ἑντετυχήκειμεν
647 1275 700 1322 αὗ
722 1284 982 1337 πειρασμῶν,
1013 1282 1075 1325 ἔτι
1104 1285 1143 1325 δ’
1173 1280 1247 1326 οῧν
1266 1286 1348 1326 τῶν
1377 1280 1528 1338 ἣκιστα
1546 1281 1758 1325 πεσόντων

290 1339 495 1402 ὤφθημεν
522 1346 594 1399 ξύν
622 1363 669 1402 γε
710 1351 822 1406 θεῷ,
863 1348 1046 1404 ἔγνωμεν
1087 1352 1166 1393 κάκ
1202 1354 1285 1393 τῶν
1329 1346 1409 1406 ἤδη
1440 1351 1758 1406 περιπταμένων

288 1412 388 1467 ἡμῖν
417 1413 571 1466 ὀρνέων
612 1414 685 1456 καί
724 1412 803 1472 ὅπῃ
843 1417 917 1457 τοῦ
959 1412 1061 1471 ἦρος
1107 1416 1248 1473 εἴημεν
1280 1408 1521 1474 τηνικαῦτα.
1597 1414 1646 1456 οὔ
1675 1413 1756 1469 γάρ

291 1477 520 1533 πεπνιγότα
560 1479 654 1523 τινὰ
686 1480 758 1522 καί
789 1480 972 1537 δύσηχον
1007 1485 1175 1525 ἐδίδουν
1220 1482 1293 1525 τὸν
1318 1482 1506 1540 ’φθόγγον
1535 1480 1757 1534 συνθλιβό-

118 1545 397 1599 Ι.1381).μενά
426 1562 514 1596 πως
547 1548 579 1573 “
606 1546 657 1589 τιὶ
692 1548 904 1604 φωνητικοὶ
934 1551 1017 1591 τῶν
1049 1548 1238 1604 ὀργάνων
1277 1549 1356 1592 ὑπὸ
1386 1555 1464 1592 τοῦ
1492 1548 1647 1605 κρύους
1676 1547 1756 1588 αὕ-

288 1618 396 1669 τοῖς,
433 1613 540 1655 ἀλλὰ
588 1614 660 1656 τόν
700 1617 942 1668 ἐλευθέριον
990 1612 1068 1672 ἤδη
1103 1617 1260 1672 τρόπον
1292 1615 1573 1671 ἐπανηγὺριζέ
1603 1630 1647 1656 τε
1686 1614 1758 1656 κατ’

289 1678 422 1736 αὐτοὶ,
451 1679 522 1722 καί
549 1682 620 1723 τόν
663 1682 770 1737 ἀέρα
802 1680 1092 1739 ὑπερεφώνει,
1120 1683 1194 1725 καί
1230 1683 1424 1740 περιήχει
1453 1681 1502 1725 τά
1533 1677 1655 1737 ἄλση,
1685 1683 1758 1723 καί

286 1751 373 1796 τοῖς
404 1748 619 1802 δένδρεσιν
647 1747 937 1804 ἐπικαθημενα
975 1749 1079 1803 πρὸς
1108 1748 1290 1804 ἅμιλλαν
1319 1751 1571 1807 ἐφθέγγοντο
1596 1749 1756 1801 α’ναμῐξ

286 1812 459 1867 λιγυρόν
487 1829 528 1855 τι
559 1816 631 1857 καί
659 1809 814 1871 εὔηχον
843 1818 915 1857 καί
943 1811 1032 1859 οἷον
1054 1818 1185 1859 εἰπεῖν
1230 1816 1501 1872 ἐναρμόνιον·
1557 1817 1631 1858 καί
1658 1810 1756 1870 ἥδι-

290 1997 408 2021 carum
442 1998 558 2021 rerum
592 1989 683 2022 ratio
717 2000 809 2033 quae
841 1991 887 2024 sit
926 1995 960 2024 et
982 2001 1073 2035 quae
1107 1990 1215 2025 fuerit
1239 2001 1382 2025 enarres
1424 1995 1459 2024 et
1484 1989 1590 2036 quale
1614 1989 1751 2034 rapacis

290 2034 389 2068 illius
415 2036 539 2078 synodi
566 2036 747 2070 decretum
775 2038 821 2071 sit
846 2038 939 2081 quod
965 2038 1121 2072 Palamas
1147 2040 1306 2083 agnovit.
1333 2044 1441 2083 atque
1463 2043 1503 2071 ut
1527 2038 1620 2082 piam
1644 2038 1747 2071 fidem

289 2082 411 2115 morbo
439 2083 581 2116 minime
607 2083 772 2118 laborare
799 2086 962 2119 ostendas
999 2096 1042 2119 ex
1075 2085 1175 2119 libris
1213 2086 1443 2119 incommodis
1466 2086 1536 2119 nisi
1564 2085 1680 2118 omnia
1709 2084 1752 2118 ad

288 2128 437 2163 nihilum
462 2131 693 2173 pervenerint
717 2137 834 2175 partes
868 2133 1049 2177 digniores
1078 2133 1210 2166 electas
1243 2133 1348 2166 nobis
1383 2133 1514 2166 mittes.
1576 2132 1618 2165 ad
1645 2142 1749 2176 quem

289 2186 375 2210 vero
403 2176 506 2210 finem
532 2183 568 2211 te
592 2188 663 2211 non
688 2179 857 2223 ignorare
886 2185 994 2223 puto;
1030 2180 1085 2214 sin
1112 2180 1213 2221 vero',
1238 2179 1434 2224 intelliges.

423 2241 520 2283 Quae
546 2252 652 2285 quum
678 2242 819 2276 locutus
842 2248 938 2277 esset
950 2243 1218 2288 Agathangelus
1236 2243 1295 2277 via
1320 2253 1388 2287 qua
1408 2248 1626 2278 convenerat
1651 2243 1749 2285 abiit,
1805 2243 1811 2249 '

291 2287 444 2321 lacrimis
474 2293 509 2322 et
533 2290 676 2322 tristitia
700 2290 878 2333 impletus.
942 2300 1010 2335 ego
1036 2301 1123 2325 vero
1157 2291 1250 2326 domi
1279 2290 1426 2324 relictus
1459 2301 1547 2325 sum.
1598 2290 1750 2324 hominis

292 2335 431 2379 quidem
455 2335 583 2369 solatio
610 2338 768 2380 privatus
806 2348 899 2371 eram
937 2338 997 2371 sed
1035 2347 1107 2371 non
1135 2338 1191 2372 dei
1215 2338 1258 2371 ad
1285 2348 1387 2382 quem
1424 2348 1479 2370 me
1499 2337 1750 2371 convertebam

290 2392 396 2426 quum
421 2383 463 2416 ad
489 2394 545 2416 me
571 2384 684 2427 ipsum
708 2390 873 2428 quantum
893 2390 1049 2428 poteram
1074 2385 1224 2419 redirem
1252 2390 1288 2418 et
1307 2385 1349 2418 ad
1375 2384 1552 2419 insolitam
1578 2390 1614 2418 et
1638 2383 1750 2418 altio-

289 2440 362 2462 rem
390 2430 723 2474 contemplationem
750 2442 850 2465 mens
875 2442 952 2465 mea
977 2431 1235 2475 advolaretset
1258 2433 1294 2466 in
1321 2432 1514 2465 reconditis
1540 2431 1645 2465 rebus
1670 2441 1749 2464 cum

288 2477 548 2520 tranquillitate
575 2479 722 2523 quadam
747 2480 853 2512 animi
881 2484 1094 2513 versaretur.
1152 2479 1300 2513 maxima
1326 2480 1417 2512 enim
1456 2489 1536 2522 pars
1563 2479 1640 2512 eius
1667 2478 1749 2512 anni

289 2533 358 2567 quo
393 2524 512 2558 multis
548 2525 868 2568 periclitationibus
901 2527 1056 2565 externis
1093 2537 1210 2572 neque
1246 2525 1359 2560 adbuc
1398 2525 1546 2560 sublatis
1569 2525 1747 2559 sollicita-

286 2570 410 2604 bamur
435 2578 617 2606 consumta
644 2579 733 2615 erat,
784 2584 827 2607 ex
865 2573 990 2608 avibus
1016 2584 1106 2617 quae
1131 2584 1196 2607 nos
1235 2573 1537 2607 circumvolabant
1560 2572 1621 2606 ubi
1646 2572 1748 2606 verni

287 2619 458 2661 temporis
495 2629 650 2653 essemus
685 2621 930 2665 cognovimus.
992 2631 1109 2665 neque
1136 2621 1226 2655 enim
1253 2621 1374 2655 durum
1413 2626 1448 2654 et
1475 2620 1660 2654 absurdum
1685 2628 1748 2652 so-

287 2675 369 2698 num
397 2665 546 2700 edebant
572 2667 657 2700 illae
683 2668 833 2702 vocibus
860 2668 994 2712 frigore
1021 2668 1235 2709 constrictis,
1257 2668 1319 2702 sed
1345 2667 1459 2700 libere
1486 2666 1747 2711 praedicabant,

286 2722 351 2756 per
376 2722 494 2747 aerem
529 2714 720 2758 sonabant,
761 2726 825 2760 per
866 2725 1011 2750 nemora
1047 2715 1234 2750 cantabant
1269 2720 1304 2749 et
1343 2714 1527 2749 arboribus
1552 2713 1747 2748 insidentes

285 2759 434 2796 vocibus
461 2762 574 2797 acutis
601 2767 636 2797 et
675 2763 844 2799 suavibus
869 2768 1044 2800 concentu
1083 2763 1232 2810 quodam
1267 2762 1459 2799 certabant.
1509 2769 1580 2808 quo
1606 2761 1744 2799 cantico
