1786 3138
263 151 363 206 470
672 165 973 210 memnoni
1015 165 1321 210 eunome

263 284 308 311 τε
337 268 410 310 καί
440 271 744 327 ἐναργέστερα,
776 269 833 320 ὥς
863 273 972 330 πᾶσι
1008 274 1254 328 γνωσθῆναι
1298 273 1546 331 τελεώτερον
1570 292 1645 334 ,της
1679 292 1725 319 τε

268 334 464 391 ἀσεβείας
493 337 661 380 ἐκείνων
706 335 752 379 τὸ
794 337 976 393 μέγεθος
1012 338 1086 381 καί
1125 341 1201 382 τοῦ
1241 340 1363 383 θείου
1403 343 1527 384 τοῦδε
1571 342 1725 400 ἀνδρὸς

264 404 339 458 τῆς
368 409 526 460 σοφίας
552 402 597 446 τὸ
629 403 776 460 περιὸν
804 404 878 447 καὶ
903 405 978 446 τοῦ
999 404 1105 462 πρὸς
1133 405 1350 461 εὐσεβείαν
1376 407 1503 463 ζήλου
1534 406 1582 452 τὰ
1613 409 1722 468 σφό-

268 470 349 526 δρα
382 471 603 526 διάπυρον.

175 548 246 583 ss
400 537 569 579 Τούτων
596 538 746 580 ἐκεῖνοι
772 539 876 590 τέως
918 539 1113 596 αὐτήκοοι
1139 541 1351 597 γενόμενοι
1396 541 1620 599 ἀντιλέγειν
1646 544 1758 598 μὲν5

263 605 308 645 ἐκ
337 606 411 646 τοῦ
441 604 588 654 εὐθέος
616 603 765 660 ἥκιστα
789 603 929 660 εἶχον·
964 608 1055 650 οὐδ’
1085 605 1137 664 ἦν
1159 607 1338 665 εὐπορία
1363 601 1586 666 γραφικῶν
1617 609 1722 652 ἀπο-

265 670 436 721 δείξεων
465 671 603 727 σφίσι.
636 671 700 714 διὸ
723 674 796 716 καί
826 675 868 724 ἐς
891 673 963 716 τὸν
993 675 1188 731 δεύτερον
1206 672 1553 732 καταπεφεύγασι
1577 678 1722 727 πλοῦν,
1760 686 1773 707 '—

263 737 337 779 καὶ
366 737 520 780 κανόνα
551 739 624 781 καί
652 740 781 794 νόμον
807 737 974 791 ἑαυτοῖς
1001 740 1073 784 τὸν
1108 742 1356 798 παράνομον
1381 742 1721 800 προύφεροντό-

261 819 343 857 μον
370 805 526 847 ἐκεῖνον
551 804 623 848 τὸν
653 808 900 864 λῃστρικόν,
943 808 1016 850 καί
1041 807 1094 851 τὰ
1127 809 1227 864 περὶ
1261 810 1335 864 τῆς
1359 811 1434 852 τοῦ
1461 810 1612 866 κυρίου
1645 826 1747 865 μεω-

91 871 588 928 ῐ.2431>.ταμορφιόσεως
631 875 723 916 ἐκεῖ
753 879 840 924 τοῖς
872 876 1119 932 ἀρχιερεῦσι
1160 877 1234 917 καί
1273 878 1594 932 γραμματεῦσιν
1624 877 1754 920 οἶσε-1

262 938 350 990 βαῖς
390 939 638 994 κυρωθέντα
681 939 751 981 διὰ
783 940 987 995 στόματος
1015 938 1136 997 ἦγον·
1206 939 1313 997 πρὸς
1341 938 1413 991 οὓς
1443 939 1466 983 ὅ
1496 942 1722 999 Γρηγορᾶς

260 997 377 1044 “sira
405 1003 503 1046 οὐδὲ
531 1007 628 1056 νοῦς
647 1023 710 1056 τις
739 1006 901 1049 ἔπεισι”
932 1008 1062 1064 φησίν
1086 1005 1235 1061 “ὗμῖν,’
1257 1007 1340 1062 ὄψὲ
1363 1009 1465 1064 γοῦν
1487 1008 1722 1052 αἰσθέσθαι

267 1066 325 1118 ὥς
349 1070 484 1123 μείζω
513 1070 565 1113 τὰ
599 1072 746 1115 δίκτυα
775 1072 946 1115 πλέκετε
972 1075 1046 1115 νῦν
1064 1072 1171 1116 κατά
1198 1075 1271 1129 τῆς
1298 1074 1396 1124 νέας
1425 1075 1722 1129 εἷκονομαχιάς

262 1136 337 1175 τοῦ
354 1138 553 1190 Παλαμᾶ
582 1140 634 1180 δι’
666 1133 724 1181 ὧν
753 1139 938 1194 εἰσάγετε
955 1141 1039 1190 νῦν,
1070 1138 1126 1189 ὥς
1156 1139 1440 1196 δειχθήσεται.
1479 1139 1616 1192 ἔξεστι
1643 1141 1723 1195 μὲν

262 1199 344 1257 γάρ
372 1203 446 1245 καὶ
472 1202 570 1258 ὑμῖν
598 1206 731 1261 δήπου
766 1206 1121 1262 παρεξετάζουσιν
1141 1207 1186 1248 ἐκ
1202 1208 1334 1249 ταῖνδε
1350 1209 1536 1263 συνορᾶν
1566 1206 1622 1258 ὥς
1648 1207 1722 1251 καί
1734 1219 1777 1254 15

266 1266 390 1318 αὐτὸς
414 1269 466 1311 τὰ
497 1271 603 1315 αὐτὰ
642 1278 729 1323 τοῖς
773 1272 902 1314 αὐτοῦ
938 1275 1214 1329 βλασφημεῖ,
1259 1272 1302 1315 εἴ
1323 1290 1364 1315 τι
1404 1272 1521 1332 ὄριιόη
1547 1273 1623 1325 τὰς
1647 1277 1722 1330 τῆς

265 1334 415 1385 κακίας
446 1334 568 1392 ῥίζας
597 1337 726 1388 αὐτὰς
743 1339 816 1381 καί
843 1337 919 1393 τὴν
947 1338 1114 1395 πρώτην
1141 1339 1348 1395 βλάστην·
1405 1338 1541 1391 ἔξεστι
1569 1342 1615 1393 δζ
1641 1341 1718 1395 οὐχ

263 1395 383 1455 ἧττον
410 1405 608 1459 ’συνορᾶν
652 1405 725 1447 καί
771 1403 874 1460 ὅσην
917 1403 1041 1458 αὐτὸς
1082 1405 1307 1460 πεποίηται
1351 1404 1426 1461 τὴν
1459 1407 1718 1463 προσθήκην,

173 1479 247 1513 zo
261 1469 420 1524 βλάστῃ
448 1469 633 1525 βλάστην
665 1470 859 1527 ἐφευρών
888 1471 961 1513 καὶ
997 1470 1176 1526 ἀνομίαν
1203 1470 1433 1527 ἐπενεγκών
1463 1471 1630 1532 ἀνομίᾳ.
1667 1471 1742 1528 ἢν,
1785 1512 1786 1532 3

265 1532 378 1575 δέτι
416 1535 489 1576 καί
526 1535 633 1591 πρὸς
669 1537 958 1588 ἐντελεστέραν
1005 1537 1225 1593 ἀντίληψιν
1275 1536 1337 1580 ἔτι
1371 1539 1590 1593 λείπηται,
1638 1537 1786 1595 {ymno}

264 1598 435 1642 λοιπὸν”
468 1602 598 1657 φησίν
623 1601 877 1657 “ἀναλαβών
906 1604 980 1646 καὶ
1005 1605 1078 1646 νῦν
1107 1604 1308 1660 θρηνήσω
1335 1603 1407 1647 τὸν
1435 1605 1583 1662 νεκρόν
1607 1620 1717 1660 μου·

263 1665 345 1721 ἐγώ
374 1668 449 1710 καί
475 1669 716 1724 κλαύσομαι
743 1672 905 1725 πικραῖς
933 1671 1004 1713 ἐπὶ
1022 1670 1067 1712 τὸ
1100 1670 1338 1726 σύντριμμα
1355 1672 1431 1714 τοῦ
1457 1671 1604 1727 γένους
1619 1687 1718 1726 μου,

263 1733 510 1792 κατεπᾴδων
549 1735 623 1778 καὶ
652 1737 931 1793 προσεπάγων
968 1735 1021 1778 τὰ
1051 1738 1095 1779 ἐκ
1119 1738 1203 1780 τῶν
1230 1737 1361 1780 θείων
1397 1739 1577 1795 γραφῶν
1607 1737 1719 1794 φάρ-

261 1815 402 1853 μακα,
446 1801 520 1843 καί
561 1803 695 1844 ταῦτα
737 1804 952 1859 προσάντη
1002 1802 1257 1860 δυσχέρειαν
1297 1802 1409 1857 ἔχων
1447 1802 1496 1845 οὐ
1535 1803 1653 1858 μάλα
1676 1819 1719 1845 τι

261 1987 339 2016 tere
367 1993 439 2017 non
465 1983 637 2027 dubitavi,
663 1995 757 2020 nunc
784 1985 886 2030 plura
929 1996 1031 2031 quam
1057 1996 1147 2031 quae
1172 1996 1192 2020 a
1226 1985 1328 2020 nobis
1354 1985 1446 2019 dicta
1472 1990 1565 2028 sunt,
1591 1990 1627 2020 et
1653 1986 1716 2020 fir-

260 2030 373 2064 miora
398 2031 574 2075 proferam
603 2038 642 2066 ut
666 2042 788 2068 omnes
813 2033 952 2077 planius
987 2033 1209 2078 intelligant,
1235 2038 1364 2078 quanta
1386 2032 1528 2067 illorum
1553 2032 1716 2078 irreligio

262 2077 308 2111 sit
337 2082 372 2111 et
395 2077 493 2112 illius
519 2079 588 2113 viri
614 2090 715 2124 quam
741 2080 857 2125 ampla
883 2081 1042 2115 doctrina
1064 2086 1100 2114 et
1124 2091 1225 2125 quam
1241 2090 1323 2115 acre
1346 2078 1533 2124 religionis
1550 2079 1714 2114 studium.

397 2141 551 2183 Quorum
588 2144 766 2178 auditores
792 2144 877 2178 facti
903 2149 1024 2179 contra
1051 2145 1171 2179 dicere
1209 2155 1229 2178 e
1257 2144 1411 2188 vestigio
1437 2142 1529 2177 nihil
1553 2148 1717 2187 poterant

261 2197 331 2221 nec
359 2189 566 2232 scriptarum
594 2189 668 2224 illis
696 2191 989 2236 disceptationum
1012 2193 1115 2236 copia
1141 2197 1228 2225 erat.
1253 2191 1362 2236 igitur
1387 2190 1431 2224 ad
1455 2189 1601 2224 alteram
1626 2200 1716 2224 con-

263 2234 443 2279 fugientes
475 2238 739 2281 navigationem
783 2244 819 2272 et
854 2244 1017 2283 tanquam
1058 2249 1227 2273 canonem
1268 2243 1304 2272 et
1337 2237 1454 2283 legem
1490 2236 1716 2282 illegitimum

263 2282 492 2324 proferebant
518 2283 685 2318 volumen
711 2285 939 2329 praedonium
969 2291 1004 2319 et
1027 2286 1133 2330 impia
1157 2285 1376 2320 sacerdotum
1406 2289 1441 2318 et
1465 2285 1715 2330 grammatico-

263 2338 339 2362 rum
367 2329 410 2362 de
436 2330 566 2363 domini
591 2332 901 2376 transfiguratione
929 2332 1059 2377 placita
1084 2334 1120 2367 in
1146 2342 1208 2367 ore
1234 2331 1420 2366 habebant.
1470 2331 1596 2376 quibus
1624 2331 1716 2366 Gre-

263 2386 369 2419 goras
397 2378 600 2421 respondit:
626 2389 694 2412 nec
718 2379 821 2413 vobis
849 2380 885 2412 in
910 2385 1061 2413 mentem
1079 2380 1178 2414 venit
1201 2379 1340 2413 tandem
1365 2378 1555 2423 aliquando
1580 2378 1716 2412 sentire

261 2432 328 2456 vos
350 2424 502 2458 maiores
527 2424 649 2470 plagas
673 2436 790 2462 novae
816 2426 978 2460 Palnmae
996 2426 1262 2461 iconomachiae
1279 2431 1404 2459 texere
1430 2426 1482 2460 eis
1507 2434 1596 2470 quas
1621 2435 1715 2459 nunc

261 2470 507 2513 introducitis,
546 2477 714 2516 utsupra
750 2474 946 2508 docebitur.
996 2473 1083 2508 licet
1122 2474 1213 2508 enim
1245 2472 1348 2506 nobis
1374 2472 1428 2507 his
1454 2472 1740 2521 perscrutandis⁴

261 2516 468 2562 intelligere
495 2518 594 2552 illum
621 2520 751 2554 similia
789 2521 861 2554 suis
891 2521 1063 2563 illudere,
1092 2522 1124 2555 si
1160 2519 1392 2564 improbitatis
1417 2519 1553 2554 radices
1578 2517 1614 2552 οἱ
1638 2518 1715 2562 pri..
1771 2562 1773 2566 Α

260 2572 349 2597 mum
376 2565 551 2609 originem
575 2567 718 2601 viderit.
767 2567 854 2601 licet
877 2578 946 2601 nec
970 2569 1084 2603 minus
1108 2567 1284 2611 intelligi,
1309 2572 1471 2611 quantam
1496 2565 1561 2600 ille
1588 2575 1714 2599 acces.-
1755 2603 1782 2617 Ι,

261 2611 399 2644 sionem
429 2612 556 2646 fecerit
579 2615 681 2657 stirpi
706 2615 816 2659 stirpe
841 2615 958 2648 addita
985 2620 1020 2649 et
1050 2615 1218 2649 licentiae
1242 2614 1400 2648 lieentia.
1449 2613 1503 2648 sin
1529 2615 1615 2647 ver'o
1642 2611 1713 2646 ali.-
1760 2651 1763 2659 ἱ

264 2658 346 2701 quid
371 2658 417 2691 sit
442 2660 483 2692 ad
510 2659 757 2702 perfectiorem
788 2662 1052 2705 perceptionem
1078 2662 1253 2703 relictum,
1280 2660 1440 2705 equidem
1470 2664 1625 2694 extremo
1650 2669 1713 2692 re-
1758 2671 1760 2674 ’

262 2709 366 2747 cepto
393 2705 544 2739 cadaver
569 2717 681 2740 meum
709 2708 926 2751 deplorabo,
965 2709 1125 2753 equidem
1166 2707 1286 2741 flebile
1319 2706 1535 2741 lamentabor
1570 2708 1712 2751 generis
1763 2729 1786 2747 ς,

254 2752 329 2784 -mei
367 2751 569 2795 interitum,
595 2754 712 2788 allatis
756 2766 799 2788 ex
825 2755 954 2790 divinis
992 2756 1133 2800 seriptis
1157 2755 1320 2789 remediis
1335 2777 1346 2798 ,
1371 2765 1446 2788 rem
1470 2753 1654 2789 molestum
1678 2759 1714 2788 et
