1826 3120
267 164 364 216 252
670 172 965 240 NICEPHQRI
1008 170 1311 218 GREGORAE

179 294 250 328 42
405 282 550 322 Ταῦτα
598 278 648 334 δὴ
679 279 751 321 καί
778 281 934 322 τοιαῦτ’
965 281 1070 332 ἐμοῦ
1108 298 1155 335 γε
1183 278 1392 336 εἰρηκότος
1421 283 1493 323 καί
1522 274 1723 323 πεπεικό-

268 362 349 399 τος,
381 347 519 404 λάθρᾳ
547 347 762 396 ἐξέπιπτεν
785 347 844 394 εἰς
866 346 991 394 α’κοὰς
1022 347 1247 401 ἀλλοτρίας
1269 349 1341 389 καί
1359 347 1620 400 ἀντιθέτους,
1653 348 1726 389 καί

105 414 131 450 f.
148 417 252 455 127r.
269 411 374 467 πρὸς
415 412 577 468 φθόνον
619 414 694 454 καί
724 410 857 466 φόβον
875 411 1082 468 ’ἠρέθιζεν
1121 410 1266 467 ἥκιστα
1301 412 1351 469 δη
1386 410 1603 470 φορητόν.“
1635 414 1725 466 μά-

267 484 386 522 λιστα
418 480 454 520 δ’
483 474 555 520 οὖν
590 479 784 520 ἁπάντων
813 481 1007 534 ἐξέπληξέ
1033 495 1077 521 τε
1107 481 1180 521 καί
1211 482 1382 536 ἐξέμηνε
1417 481 1724 534 Καντακουζη-

264 545 335 588 νὸν
365 544 434 588 τὸν
462 547 534 600 τῆς
562 548 635 588 τοῦ
668 546 774 586 θεοῦ
814 546 1034 601 ἐκκλησίας
1073 542 1252 602 ὄλεθρον
1291 549 1366 589 καί
1390 544 1629 602 βεβαιωτήν
1653 548 1758 601 τῆςό

264 609 361 668 ὅλης
391 614 537 661 κακίας
578 612 799 665 διάπυρον.
874 609 917 662 ὃς
947 612 1080 668 δήπου
1113 613 1185 654 καί
1210 615 1352 663 δείσας
1379 611 1438 668 μη
1468 614 1567 666 νῦν,
1598 611 1724 655 ὁπότε

263 680 362 735 μήτ’
393 677 520 727 αιῖτὸς
554 681 779 734 τυραννοίη
800 680 908 734 μήθ’
935 679 954 720 ὃ
986 682 1114 722 αότοῧ
1141 678 1415 735 μυσταγωγὸς
1445 681 1598 734 παρείη
1619 683 1723 722 Ha·
1778 700 1780 702 ’
1824 670 1826 677 ’

262 748 415 799 λαμᾶς,
443 747 631 803 ὑπέρσχῃ
663 746 734 787 καί
762 749 893 801 πέρας
925 749 1008 804 0·χῇ
1036 745 1084 788 τὰ
1116 748 1444 800 βεβουλευμένα,
1474 745 1612 804 λάθρᾳ
1643 744 1722 787 οὐν

262 814 396 869 πολλῇ
423 813 471 869 τῇ
500 814 664 870 σπουδῇ
710 814 942 868 πεπομφώς
980 813 1167 869 ’Υρκανῷ
1205 815 1263 870 τῷ
1304 803 1498 870 γαμβρῷ
1519 813 1591 855 καί
1613 814 1723 866 βαρ-

261 878 380 936 βᾰρῳ
409 879 611 933 χρήματα
643 879 745 934 πρὸς
763 883 975 922 Βιθυνίαν
1003 879 1078 935 τῆν
1107 879 1266 922 ἐκείνου
1287 878 1428 932 δεξιάν
1455 881 1527 921 καὶ
1555 877 1722 934 γνώμην
1738 878 1780 914 10

263 943 415 994 ἱκανῶς
445 944 597 1000 ἔχοντα
629 948 867 999 ἐμπιπλᾶν,
915 950 1106 989 πέπεικεν
1149 947 1375 1004 ἐλεύθερον
1417 945 1460 996 ἐς
1491 945 1726 997 Βυζάντιον

264 1014 510 1054 α’ποστεῖλαι
546 1015 763 1065 Παλαμᾶν
806 1014 872 1056 τὸν
907 1015 981 1069 τῆς
1021 1012 1167 1063 κακίας
1209 1013 1471 1070 προστάτην,
1523 1013 1630 1067 ῗναρ
1657 1012 1725 1056 τὸν

264 1079 461 1134 δεύτερον
493 1079 621 1134 φάναι
656 1083 799 1135 πλοῦν,
829 1084 1055 1135 συμμαχία
1082 1097 1142 1129 τις
1185 1083 1242 1138 τῷ
1271 1082 1436 1139 πονηρῷ
1468 1082 1571 1135 γοῦν
1601 1078 1726 1130 αὐτὸς

263 1148 453 1201 γίγνηται
492 1145 685 1201 δόγματι.
755 1145 779 1189 ὃ
818 1146 870 1202 δὴ
902 1150 974 1190 καί
1020 1147 1117 1202 ἡμῖν
1155 1146 1270 1199 ἔδοξε
1312 1150 1472 1201 μᾶλλον
1519 1142 1544 1202 ἢ
1586 1147 1725 1205 ἐκείνῳ

263 1215 453 1268 βέλτιον·
525 1214 630 1266 πρὸς
668 1216 746 1269 γὰρ
780 1215 965 1269 παρόντα
1002 1218 1085 1257 τῶν
1114 1217 1187 1269 τῆς
1230 1215 1436 1271 αἰσχύνης
1473 1215 1782 1266 κινουμένων15

265 1278 459 1334 ἐλέγχων,
493 1282 567 1322 οιῗκ
597 1276 725 1336 οὔσης
754 1278 832 1337 ἤδη
862 1284 935 1336 τῆς
965 1282 1136 1335 α’μοὶχου
1166 1284 1415 1335 συμμαχίας
1443 1283 1517 1325 τοῦ
1550 1283 1727 1324 Καντα-

268 1350 503 1402 κουζηνοῦ,
538 1351 696 1401 μᾶλλον
738 1351 783 1392 δὲ
824 1352 897 1403 τῆς
946 1351 1191 1403 τυραννικῆς
1228 1351 1300 1391 καί
1325 1351 1417 1391 λίαν
1448 1347 1623 1400 ἀτόπου,
1649 1347 1727 1389 οὐκ

265 1415 437 1457 ἐλείπετ’
476 1410 528 1457 ἂν
581 1413 640 1457 ἔτι
685 1416 899 1472 πρόφασις
948 1417 1166 1472 α’ποφυγῆς
1213 1416 1303 1457 ov'd‘
1340 1415 1510 1470 ἡτισοῦν
1551 1415 1606 1472 τῷ
1649 1413 1726 1469 τὴν

264 1481 433 1536 γνώμην
465 1483 536 1524 καί
566 1484 697 1524 πάντα
727 1481 881 1537 τρόπον
912 1482 1157 1540 διαστρόφῳ
1188 1481 1260 1524 καί
1286 1481 1423 1524 πάντα
1456 1479 1607 1540 ἀτόπῳ.

177 1559 249 1594 48
394 1548 510 1591 Ἀλλ’
537 1549 608 1591 ἐπὶ
635 1549 797 1598 τούτοις
839 1546 862 1603 ἦ
903 1549 1070 1602 βασιλίς
1098 1548 1238 1604 Ἑλένη
1275 1547 1382 1603 πρὸς
1420 1546 1650 1600 Βυζάντιον
1681 1548 1724 1589 ἐκ
1737 1555 1784 1591 20

271 1617 449 1657 Τενέδου
482 1616 692 1671 α’φιγμένη
723 1613 797 1671 την
828 1618 886 1664 εἰς
916 1618 1037 1657 τοῦτο
1068 1613 1203 1671 ῥοπήν
1234 1616 1474 1669 α’νεχαιτισε
1501 1617 1575 1656 τοῦ
1595 1615 1725 1665 συζύ-

265 1698 339 1736 γου
372 1683 445 1723 καί
473 1684 679 1735 βασιλέως
701 1680 1009 1737 Παλαιολὸγου,
1033 1683 1124 1736 μήτ’
1156 1681 1263 1737 αὕτη
1293 1682 1470 1739 μηδαμῇ
1489 1680 1723 1735 βουλομένη

267 1750 340 1804 τῆς
364 1751 723 1805 Καντακουζηνοῦ
754 1751 827 1791 τοῦ
857 1747 1013 1805 πατρὸς
1042 1750 1246 1804 αἰσχύνης
1269 1748 1348 1791 σύν
1365 1763 1411 1802 γε
1440 1749 1496 1804 τῷ
1524 1748 1724 1803 πρέποντι

399 1941 495 1974 Haec
522 1946 557 1975 et
584 1940 713 1974 similia
740 1945 924 1985 postquam
951 1941 1023 1975 dixi
1050 1946 1085 1975 et
1107 1941 1269 1985 persuasi
1294 1940 1383 1974 elam
1408 1950 1465 1974 res
1492 1939 1658 1984 pervenit
1682 1939 1724 1974 ad

271 1988 406 2022 alienas
436 1999 540 2022 aures
576 1995 611 2022 et
643 1989 868 2023 adversarios
906 1994 974 2022 tam
1011 1989 1053 2022 ad
1079 1989 1245 2022 invidiam
1271 1998 1374 2033 quam
1402 1988 1443 2021 ad
1473 1988 1635 2021 timorem
1660 1987 1725 2021 ad-

267 2037 366 2069 duxit
391 2036 532 2068 minime
559 2036 761 2077 ferendum3
798 2036 947 2068 maxime
975 2046 1060 2069 vero
1094 2035 1285 2079 perterruit
1318 2036 1470 2068 omnium
1509 2039 1543 2068 et
1573 2045 1725 2078 exaspe-

267 2083 360 2116 ravit
383 2094 440 2116 res
467 2083 750 2118 Cantacuzenum
777 2083 919 2116 divinae
947 2083 1120 2116 ecclesiae
1145 2088 1280 2126 pestem
1305 2087 1340 2115 et
1363 2082 1586 2115 defensorem
1613 2081 1725 2119 omnis

268 2131 456 2174 pravitatis
485 2131 678 2163 ardentem.
729 2131 787 2174 qui
812 2131 976 2164 nimirum
1004 2131 1106 2163 etiam
1132 2131 1288 2171 veritus,
1323 2139 1370 2162 ne
1393 2139 1499 2170 nunc,
1528 2138 1634 2172 quum
1657 2138 1726 2162 nee

269 2180 346 2222 ipse
376 2183 544 2220 tyrannus
573 2183 679 2219 esset,
704 2187 770 2210 nee
796 2183 1007 2220 praeceptor
1035 2187 1118 2210 suus
1154 2177 1294 2210 adesset
1318 2175 1490 2217 Palamas‚
1517 2180 1727 2219 superarent

271 2231 306 2259 et
336 2225 480 2258 nimium
508 2225 672 2258 vaierent
700 2235 740 2258 ea
770 2235 859 2269 quae
885 2225 1079 2258 deliberata
1100 2229 1209 2265 erant,
1239 2223 1328 2257 clam
1354 2232 1480 2268 magno
1507 2233 1584 2256 cum
1609 2222 1725 2256 studio

269 2273 433 2315 Hyrcano
460 2282 593 2316 genero
634 2277 669 2305 et
692 2271 841 2305 barbaro
876 2273 912 2305 in
949 2272 1149 2315 Bithyniam
1183 2271 1290 2304 missa
1317 2271 1494 2315 pecunia,
1524 2280 1615 2314 quae
1639 2269 1725 2303 satis

272 2324 367 2354 esset
405 2319 447 2352 ad
482 2319 693 2363 implendam
726 2319 824 2352 illius
862 2319 1017 2352 dextram
1057 2324 1092 2352 et
1115 2322 1280 2360 mentem,
1305 2318 1481 2362 persuasit
1514 2323 1552 2351 ut
1576 2316 1727 2350 liberum

270 2368 427 2400 mitteret
464 2366 673 2409 Byzantium
704 2365 876 2400 Palamam
912 2367 1095 2410 pravitatis
1130 2371 1281 2399 tutorem
1314 2370 1351 2398 ut
1383 2365 1523 2398 adiutor
1556 2372 1726 2408 perverso

275 2416 353 2458 ipse
378 2414 437 2446 fiat
462 2414 628 2457 dogmati.
681 2414 772 2458 quod
810 2414 915 2446 etiam
941 2413 1045 2446 nohis
1070 2414 1183 2446 visum
1210 2417 1264 2445 est
1299 2412 1415 2456 potius
1441 2421 1542 2456 quam
1567 2410 1623 2444 illi
1650 2420 1728 2443 me..

272 2463 357 2495 lius.
407 2471 486 2494 nam
513 2461 554 2494 ad
584 2462 787 2504 praesentia
815 2466 969 2493 ortorum
998 2470 1040 2494 ex
1065 2460 1199 2503 pudore
1239 2459 1419 2492 criminum
1447 2468 1551 2502 quum
1576 2457 1729 2491 nondum

272 2508 516 2552 insuperabile
544 2514 638 2542 esset
659 2508 828 2541 auxilium
843 2508 1082 2542 Cantaeuzeni
1111 2507 1171 2541 sed
1193 2507 1303 2550 magis
1327 2507 1546 2548 tyrannicum
1566 2510 1602 2538 et
1626 2503 1729 2538 valde

270 2559 425 2599 ineptum
452 2565 524 2588 non
551 2555 818 2600 relinquebatur
845 2555 911 2587 iam
938 2560 1139 2598 praetextus
1166 2554 1271 2598 fugae
1298 2553 1391 2586 ullus
1420 2552 1551 2585 homini
1577 2552 1613 2584 in
1636 2551 1730 2584 omni

269 2604 446 2637 sententia
473 2608 507 2636 et
532 2603 671 2636 ratione
694 2601 899 2646 perturbato
928 2607 963 2635 et
989 2601 1149 2635 omnibus
1171 2599 1337 2634 ini-ebus
1363 2601 1498 2643 inepto.

403 2667 470 2701 Sed
501 2667 542 2700 ad
570 2667 658 2700 haee
683 2665 820 2699 Helena
848 2666 972 2710 regina
990 2665 1194 2709 Byzantium
1221 2663 1361 2697 Tenedo
1390 2662 1550 2706 profecta
1576 2661 1729 2695 Palaeo-

275 2715 351 2759 logi
378 2714 540 2758 coniugis
571 2719 606 2747 et
631 2714 726 2757 regis
753 2714 788 2746 in
806 2713 896 2746 hanc
919 2723 992 2746 rem
1017 2712 1288 2756 propensionem
1311 2710 1483 2757 cohibuit,
1507 2719 1625 2753 neque
1653 2709 1731 2751 ipsa

274 2762 348 2795 ullo
376 2761 477 2794 modo
504 2760 632 2801 volens
660 2760 899 2797 cantacuzeni
926 2761 1035 2804 patris
1057 2758 1272 2804 ignominiae
1292 2767 1369 2790 cum
1394 2758 1460 2791 ista
1485 2754 1729 2791 exsecratione
