1826 3120
292 175 391 228 228
693 180 989 234 memnoni
1031 181 1336 228 GREGORAE

293 289 345 341 οὔ
371 291 502 342 μόνον
536 290 580 332 ἐκ
613 294 683 346 τῆς
713 292 923 344 δαψιλοῦς
969 291 1124 347 ἐκείνης
1157 291 1311 342 ὑλαιάς
1352 292 1607 350 ἀποσκευῆς,
1638 293 1746 338 duci

292 358 370 407 κοῖξ
396 351 455 398 ὦν
482 360 525 399 ἐν
555 363 641 406 τοῖς
672 356 840 407 κόλποις
866 355 1066 412 ἔκρυπτεν
1097 355 1286 413 α’ργύρου
1306 374 1349 401 τε
1380 361 1453 402 καί
1479 364 1657 415 χρυσοῦ
1676 378 1747 405 νο-

290 421 514 475 μισμάτων
542 423 1010 477 παμπόλλων,-πολλοῖς
1051 423 1184 472 εὕθὺς
1214 426 1285 466 καί
1327 423 1433 479 πρὸς
1463 429 1548 469 τῶν
1578 430 1748 484 βαρβά-

291 505 376 542 ρων
404 487 600 542 ἐβάλλετο
628 495 714 538 τοῖς
739 491 965 543 σκώμμασι
986 490 1060 532 καί
1077 493 1229 546 πολλῆς
1258 489 1307 533 τά
1339 487 1425 534 ὦτα
1457 495 1746 550 ἐμπέπλησται

287 553 467 609 χλεύης,
512 556 712 609 λεγόντων
758 553 813 605 (ὃς
846 554 1060 598 διδάσκειν
1090 556 1274 614 ὀφείλων
1312 555 1501 615 ἑτέρους,
1533 554 1783 617 ἅνθρωπε,5

287 622 389 665 κατὰ
419 622 495 678 την
521 625 602 666 τῶν
624 626 708 667 σῶν
740 623 1007 667 διδασκάλων
1033 626 1284 677 νομοθεσίαν
1308 625 1381 669 τόν
1409 622 1590 680 ἄσκευόν
1605 644 1649 670 τε
1679 629 1752 671 καί

287 686 470 743 ἇχαλκον
488 693 592 743 βίον,
622 689 760 745 ἔργοις
779 692 922 741 αὐτοῖς
942 690 1067 740 αὐτὸς
1084 691 1157 746 τήν
1175 707 1218 734 τε
1248 695 1320 747 τῆς
1340 693 1416 748 σῆς
1445 691 1750 744 α’νακαλὺπτεις

285 757 432 811 ψυχῆς
461 760 705 812 μοχθηρίαν
735 760 807 800 καί
834 755 924 811 ἅμα
954 758 1155 800 τάναντία
1193 760 1356 808 πείθεις
1395 758 1494 809 τούς
1519 758 1748 814 ἑπομένους

240 832 354 865 Θσοι
382 824 499 878 δρᾶν.
576 819 673 878 ἄρτι
705 825 750 866 δὲ
780 824 852 866 καί
889 826 968 866 τῶν
1009 825 1166 878 βίβλων
1198 828 1334 867 αὐτοῦ
1366 827 1747 882 προκομιζομένων,

285 890 430 944 ἠρώτα
458 891 557 932 καθ’
589 892 760 933 ἕκαστον
791 891 812 932 ὁ
841 890 1058 946 βάρβαρος
1091 889 1112 932 ὅ
1140 909 1180 934 τι
1209 908 1254 934 τε
1286 890 1350 948 εἴη
1380 892 1453 934 καί
1478 889 1573 935 ὅτου
1602 892 1647 936 τὸ
1673 891 1748 949 ἕρ-
1762 902 1805 938 10

284 972 369 1010 γον.
427 959 500 998 καί
543 953 653 998 οὕτω
684 959 916 1009 μανθάνων
958 960 1010 999 τὰ
1053 961 1132 1011 μὲν
1177 962 1295 1017 αὐτῷ
1325 961 1521 1018 Παλαμᾷ
1560 977 1747 1016 συγγρα-

286 1024 418 1078 φέντα
463 1021 566 1064 κατα
610 1026 741 1079 μέσης
780 1026 1044 1079 παραχρῆμα
1077 1026 1248 1067 ,κελεύει
1294 1023 1472 1082 ῥιφῆναι
1510 1025 1742 1082 θαλάσσης,

287 1085 420 1141 οἶμαι,
442 1093 515 1144 τῆς
544 1093 665 1139 θείας
696 1088 890 1145 αόράτως
921 1090 1025 1145 πρὸς
1054 1094 1180 1133 τοῦτο
1207 1091 1404 1148 κινούσης
1431 1095 1644 1148 προνοίας,
1676 1095 1744 1136 ἵνα

284 1155 343 1208 μὴ
376 1157 621 1208 σεσωσμένα
651 1158 802 1210 πολλῆς
836 1173 880 1198 τε
919 1160 992 1199 καί
1018 1160 1220 1212 νεωτέρας
1252 1162 1324 1214 τῆς
1370 1159 1554 1208 α’σωτιάς
1583 1158 1747 1214 ἐμπλή-

286 1239 394 1264 σωσι
423 1221 499 1272 τάς
526 1238 572 1276 γε
595 1224 675 1264 τῶν
706 1222 1003 1279 ἁπλουστέρων
1033 1223 1178 1278 ψυχάς
1219 1228 1292 1267 καί
1318 1222 1440 1268 αὐτοί.
1508 1226 1555 1268 τό
1585 1241 1631 1280 γε
1660 1224 1744 1281 μην
1757 1243 1800 1279 15

284 1291 401 1330 θεῖον
430 1283 506 1330 τοῦ
534 1291 730 1342 Χριστοῦ
760 1291 1000 1344 εὐαγγέλιον
1025 1292 1132 1342 μετὰ
1165 1295 1241 1333 τοῦ
1259 1294 1496 1334 Δαυϊτικοῦ
1525 1295 1743 1347 ψαλτῆρος

284 1356 402 1396 αἰδοῖ
427 1358 556 1411 πολλῇ
586 1355 683 1404 τοὺς
717 1356 893 1406 οἰκειόυς
922 1363 1061 1412 τηρεῖν
1090 1358 1321 1400 ἐνετέλλετο
1341 1375 1351 1387 ·
1422 1358 1632 1401 εἰώθεσαν
1660 1359 1742 1414 γάρ

283 1419 355 1461 καί
384 1422 639 1475 Ἰσμαηλΐται
686 1424 813 1475 τιμᾶν
860 1422 1082 1479 προφήτας
1128 1440 1170 1465 τε
1212 1421 1401 1475 ἅπαντας
1436 1424 1510 1468 καί
1545 1421 1635 1478 ἅμα
1675 1425 1743 1467 τὸν

235 1489 459 1540 οσωτῆρα
491 1486 681 1540 Χριστὸν
709 1489 766 1537 ὥς
795 1489 868 1530 ἕνα
890 1491 970 1530 τῶν
997 1492 1234 1545 προφητῶν.
1264 1491 1378 1540 τέλος
1406 1492 1443 1532 δ’
1474 1489 1607 1533 αὐτὸν
1633 1507 1744 1546 γυμ-

283 1555 470 1608 νωθῆναι
501 1555 579 1606 μὲν
626 1556 710 1596 τῶν
743 1556 904 1596 οἰκείων
934 1555 1226 1610 προστεταχώς
1261 1555 1438 1610 ἱματίων
1467 1555 1590 1612 ἕτερα
1623 1559 1670 1599 δέ
1696 1573 1740 1611 γε
1754 1571 1800 1607 20

284 1620 543 1674 διερρωγότα
574 1622 837 1673 μετενδῦναι,
879 1619 1153 1678 κυνοτρόφοις
1180 1625 1289 1668 τισίν
1329 1623 1461 1665 αὐτὸν
1499 1624 1559 1672 εἰς
1587 1625 1742 1679 πρᾶσιν

282 1684 478 1727 ἐδεδώκει
509 1693 660 1741 τηρεῖν,
693 1686 767 1736 τάς
786 1703 830 1729 τε
861 1683 990 1736 ἄλλοις
1013 1689 1367 1742 ἐγκελευσάμενος
1399 1690 1608 1745 μα’στιγας
1637 1685 1742 1732 ἐπά-

282 1767 369 1805 γειν
399 1748 513 1810 αὐτῷ
540 1754 768 1807 τιμήματος
799 1755 918 1796 ἕνεκα
944 1757 1128 1804 πλειόνος
1168 1754 1273 1811 πρὸς
1304 1755 1439 1812 αἰνήν,
1472 1758 1546 1798 καί
1570 1751 1659 1810 ἅμα
1691 1753 1737 1797 τὸ

283 1817 552 1872 σοδομιτικὸν
578 1821 650 1861 καί
665 1818 778 1876 παρὰ
797 1820 926 1876 φύσιν
945 1820 1082 1870 πάθος
1101 1823 1174 1876 τῆς
1205 1825 1528 1878 α’ρρενομανιάς,
1558 1822 1635 1864 οὐκ
1662 1816 1740 1864 οἶδ’

284 2010 412 2050 tesque
436 2005 592 2040 sarcinas
618 2006 678 2041 sed
697 2008 799 2041 etiam
817 2019 860 2043 ex
873 2009 917 2043 iis
934 2020 1024 2054 quae
1045 2010 1080 2043 in
1099 2010 1177 2044 sinu
1194 2008 1362 2054 latebant,
1377 2011 1556 2056 argenteis
1572 2017 1608 2046 et
1621 2012 1737 2048 aureis

218 2069 223 2074 ·
284 2054 399 2087 numis
426 2053 600 2097 plurimis,
629 2056 801 2090 conviciis
827 2057 942 2090 statim
970 2056 1090 2090 multis
1115 2068 1135 2091 a
1160 2058 1318 2092 barbaris
1343 2059 1646 2104 perstringebatur
1670 2071 1738 2094 au-

283 2110 413 2144 resque
452 2101 527 2133 eius
567 2101 687 2134 multis
725 2103 924 2146 opprobriis
958 2104 1204 2147 implebantur.
1261 2105 1424 2138 dicebant
1458 2107 1570 2148 enim,
1607 2107 1737 2141 docere

284 2147 391 2180 debes
418 2147 529 2189 alios,
571 2149 762 2182 secundum
798 2156 935 2183 tuorum
974 2157 1241 2195 praeceptorum
1271 2162 1426 2185 normam
1466 2154 1574 2186 vitam
1609 2164 1737 2198 gerere

282 2194 532 2237 impedimento
561 2200 596 2227 et
625 2205 708 2228 aere
737 2207 903 2239 vacuam,
929 2197 1002 2231 vita
1027 2204 1087 2231 tua
1111 2199 1222 2242 ipsius
1251 2199 1357 2232 animi
1398 2199 1450 2232 tui
1477 2200 1736 2244 improbitatem

282 2240 417 2284 retegis
443 2241 617 2285 simulque
644 2243 838 2287 discipulos
875 2250 954 2278 tuos
989 2247 1163 2279 contraria
1197 2244 1316 2279 doces.
1374 2257 1478 2291 quum
1514 2248 1615 2280 etiam
1653 2248 1736 2281 libri

283 2287 361 2320 eius
397 2288 676 2331 exornabantur,
724 2291 761 2323 in
794 2301 1010 2336 unoquoque
1047 2292 1238 2337 quaerebat
1273 2292 1460 2334 barbarus,
1497 2294 1579 2338 quid
1611 2295 1665 2331 „sit
1701 2301 1736 2328 et

285 2335 465 2367 cuiusnam
493 2345 594 2378 opus.
647 2341 682 2368 et
706 2337 846 2371 discens
863 2362 874 2379 ,
899 2339 1091 2372 nonnullos
1117 2339 1159 2372 ab
1196 2339 1273 2382 ipso
1300 2339 1438 2373 Palama
1466 2351 1544 2374 esse
1571 2343 1736 2375 conseri-

281 2384 374 2424 ptos,
402 2383 437 2415 in
463 2383 614 2415 medium
642 2393 737 2416 mare
779 2385 894 2418 statim
925 2395 986 2418 eos
1010 2386 1170 2430 immergi
1203 2386 1313 2419 iubet.
1378 2386 1484 2420 credo
1509 2388 1652 2421 numine
1677 2389 1735 2422 di-

283 2428 365 2460 vino
393 2429 583 2473 invisoque
609 2430 657 2462 ita
682 2431 911 2473 instituente,
948 2442 995 2464 ne
1020 2433 1151 2466 servati
1179 2432 1231 2465 illi
1267 2433 1363 2476 ipsos
1387 2433 1576 2477 proborum
1601 2435 1734 2468 animos

280 2474 388 2507 multa
417 2481 452 2508 et
477 2476 670 2509 recentiori
685 2477 747 2510 illa
777 2478 1001 2522 improbitate
1026 2479 1226 2523 implerent.
1288 2486 1445 2513 sanctum
1470 2486 1585 2514 autem
1603 2481 1734 2517 Christi

283 2522 509 2565 evangelium
539 2522 648 2556 multa
675 2535 751 2556 cum
777 2526 993 2559 verecundia
1020 2526 1141 2559 colere
1167 2530 1308 2569 praeter
1343 2527 1549 2570 psalterium
1575 2528 1733 2570 Davidis,

278 2568 305 2600 ii
332 2569 391 2613 qui
419 2569 474 2602 illi
493 2575 573 2603 sunt
597 2571 741 2614 ascripti
762 2572 850 2605 iussi
877 2578 968 2606 sunt.
1018 2572 1114 2607 soliti
1141 2578 1240 2606 erant
1265 2574 1367 2607 etiam
1389 2573 1588 2608 Ismaelitae
1612 2574 1734 2609 colere

280 2625 386 2658 quum
412 2625 533 2650 omnes
580 2617 771 2661 prophetas
797 2624 867 2651 tum
895 2620 999 2653 etiam
1027 2619 1203 2654 Christum
1236 2620 1489 2663 redemtorem,
1516 2622 1647 2665 quippe
1673 2622 1734 2666 qui

285 2667 380 2694 esset
407 2673 496 2696 unus
529 2674 548 2696 e
574 2664 770 2707 prophetis.
829 2665 956 2700 deinde
992 2666 1092 2700 illum
1126 2665 1270 2699 iubebat
1306 2667 1379 2701 suis
1413 2668 1634 2702 vestimentis
1661 2679 1732 2702 nu-

280 2708 375 2749 dari3
404 2709 475 2742 alia
503 2720 590 2743 vero
618 2716 653 2744 et
677 2711 805 2745 detrita
831 2709 886 2745 illi
912 2713 1009 2747 indui
1043 2723 1191 2757 eumque
1218 2714 1254 2746 in
1294 2714 1486 2749 custodiam
1511 2715 1648 2748 ennium
1672 2715 1731 2749 in-

276 2755 439 2793 §titutum
467 2757 649 2794 emendum
676 2758 927 2797 committebat.
979 2765 1015 2797 et
1038 2759 1182 2797 iubebat
1205 2760 1240 2796 ei
1265 2760 1337 2797 alia
1363 2762 1467 2810 etiam
1493 2760 1638 2812 flagella
1665 2762 1729 2800 ad-
