1800 3132
200 353 272 390 2³2

291 228 353 276 52
687 232 984 278 Nlcsspnom
1027 231 1333 278 GREGORAE

421 335 530 383 Εἶεν.
602 340 682 395 ἐγώ
721 343 758 382 δ’
800 340 842 390 ἐς
883 340 957 395 τὴν
999 338 1227 396 ὖστεραίαν
1271 337 1447 392 ὅλκιίδος
1488 336 1745 398 α’ναγομένης

288 407 432 463 τυχών
466 409 508 456 ἐς
533 406 768 459 Βυζάντιον
814 406 954 449 οἴκαδε
998 408 1280 463 α’φικομένην,
1321 409 1447 450 ου’δὲιι
1471 404 1744 462 νομισμάτων

288 473 594 531 ἐπιφερόμενος
635 475 735 514 δέκα
781 474 953 527 χρυσῶν
995 474 1187 515 ἐπέκεινα
1235 471 1389 528 (πάντα
1426 472 1507 529 γάρ
1533 489 1606 528 μοι
1637 472 1743 516 κατὰ

286 541 362 590 τὰς
384 541 609 594 περιόδους
638 541 796 588 ὲκείνας
818 539 1046 596 duziacum)
1077 564 1132 572 —-
1151 538 1276 590 δόξαν
1299 533 1373 581 οὖν
1401 541 1498 594 ἐμοί
1526 545 1616 590 ταῖς
1648 541 1743 582 καθ’

287 612 444 653 ἕκαστα
472 611 636 663 χρείαις
678 605 986 660 α’ναγκαιότερα
1024 604 1071 648 τὰ
1100 609 1198 648 καθ’
1228 605 1382 649 ἕκαστα
1414 609 1496 664 ικαί
1521 604 1780 661 λεπτότεραδ

287 677 396 731 μέρη
427 677 508 718 τῶν
536 672 803 727 νομισμάτων
840 672 1064 727 ὑπάρχειν,
1103 676 1186 715 τῶν
1213 674 1411 716 τοιούτων
1452 673 1587 723 εὐθυς
1615 669 1747 728 ἢλλα-

289 743 423 798 ξάμην
453 740 603 783 ἐκεῖνα.
662 740 734 781 καί
773 740 1099 794 προσεληλυθώς
1143 743 1185 789 ἐς
1213 739 1287 795 τὴν
1318 738 1546 795 ὑστεραίαν
1574 745 1663 789 τοῖς
1692 737 1743 781 τοὶ

290 804 394 852 ὤνια
423 809 756 863 πιπράσκουσιν,
796 799 922 859 εὗρον
960 806 1223 856 έκπεπτωκὸς
1272 806 1318 848 τὸ
1358 809 1402 849 ἐν
1440 808 1589 862 χερσίν
1618 806 1747 849 ἐκεῖνό

288 892 363 929 μοι
400 875 632 930 χάραγμα,
674 876 745 915 καί
782 875 823 922 ἐς
864 873 1086 928 τοσαύτηνι
1107 875 1358 928 κατενεχθὲν
1401 874 1537 933 ἡμέρᾳ
1565 874 1642 932 μιᾷ
1670 871 1747 926 τὴν

289 939 445 998 ὕφεσιν
472 935 633 995 ὦς’τὴν
665 942 746 982 τῶν
788 942 887 981 δέκα
928 956 999 993 μοι
1033 935 1304 993 νομισμάτων
1345 938 1511 994 ἐκείνων
1537 940 1745 995 ποσότητα
1761 945 1800 980 10

289 1011 520 1063 καταβῆναι
550 1009 698 1061 μέχρις
731 1006 845 1049 ὀκτώ.
906 1010 980 1048 καί
1005 1023 1079 1060 μοι
1119 1006 1220 1061 πρὸς
1248 1001 1322 1056 οὖς
1354 1003 1658 1063 παρεληλυθώς
1685 1021 1747 1054 τις

288 1077 372 1118 τῶν
402 1074 533 1117 πάλαι
564 1072 776 1130 συνήθων,
810 1072 1059 1129 αὐθημερόν
1090 1075 1281 1117 ἐκέλευεν
1323 1075 1528 1125 ἐξαντλεῖν
1557 1068 1670 1115 ἅπαν
1699 1070 1745 1114 τό

289 1145 422 1197 κέρμα
454 1139 496 1191 ἐς
527 1140 575 1183 τά
616 1141 688 1195 τῆς
715 1139 861 1195 χρείας
904 1139 1231 1195 ἀναγκαιότερα,
1259 1137 1318 1194 μὴ
1362 1139 1459 1181 καθ’
1489 1138 1650 1195 ἡμέρας
1677 1138 1749 1179 oiri

288 1212 370 1252 τῶν
397 1207 611 1260 τοιούτων,
645 1207 701 1256 ὥς
730 1206 845 1265 ὁρᾷς,
876 1205 1165 1249 α’στατούντων
1198 1207 1373 1262 εύρίπου
1403 1207 1534 1262 δίκην,
1562 1204 1748 1261 καταστῇ

288 1291 357 1318 σοι
385 1269 507 1317 ταυτὶ
535 1275 769 1330 κεκτημένῳ
797 1275 1023 1328 κεκτῆσθαι
1051 1274 1184 1327 μηδὲν
1213 1274 1256 1314 ἐν
1285 1275 1453 1327 βραχεῖ’.
1511 1272 1583 1314 καί
1609 1273 1747 1325 μέντοι
1762 1279 1800 1314 15

289 1345 363 1384 καί
388 1338 638 1393 ἐθαύμασα,
679 1338 726 1394 νὴ
771 1339 843 1382 τὸν
876 1342 1040 1396 φίλιον,
1089 1335 1202 1388 ὅπως
1242 1340 1436 1394 α’νέχεται
1481 1338 1555 1388 τὰς
1594 1339 1749 1387 οἰκείας

289 1410 461 1456 α’κτῖνας
492 1405 513 1447 ὃ
544 1403 660 1461 ἥλιος
700 1406 948 1459 ἑπιλοίμπων
977 1408 1074 1463 τῇδε
1114 1408 1167 1462 τῇ
1195 1407 1258 1462 γῇ.
1316 1412 1434 1449 ποιεῖ
1459 1408 1508 1459 δ’,
1538 1405 1594 1454 ὥς
1623 1403 1748 1457 ἔοικε,

286 1476 586 1527 μακροθυμίας
622 1471 803 1527 τρόπους
850 1478 1011 1528 φωναῖς
1053 1470 1285 1527 α’φθόγγοις
1324 1469 1536 1514 διδάσκων
1582 1470 1690 1526 ἡμᾶς
1727 1468 1748 1511 ὃ

290 1540 417 1594 λόγου
462 1541 638 1596 μηδαμῇ
679 1537 928 1593 μετασχών,
971 1536 1070 1588 τούς
1098 1535 1205 1596 λόγῳ
1249 1541 1327 1592 μὲν
1356 1541 1614 1594 τιμηθέντας
1642 1537 1747 1592 πρὸς

288 1609 364 1648 τοῦ
394 1609 536 1648 κοινοῦ
565 1607 839 1662 δημιουργοῦ,
866 1608 1058 1658 νομίμοις
1092 1607 1132 1647 δ’
1175 1607 1244 1647 αἐί
1273 1606 1606 1662 ῥυθμιζομένους
1638 1603 1800 1648 ἐκεῖ-20

287 1676 365 1715 θεν
393 1676 707 1728 παραγγελίαις,
737 1671 956 1723 ἐπαΐοντοὶς
984 1688 1030 1727 γε
1050 1671 1135 1728 μὴν
1166 1672 1335 1723 ου’δενὸς
1367 1673 1534 1729 ου’δαμῇ
1556 1674 1654 1714 ποθ’
1687 1666 1746 1714 ὧν

289 1737 485 1783 ἁπάντων
514 1742 658 1795 ἐχρῆν.

415 1806 548 1850 Ἀλλὰ
583 1810 748 1865 πρῶτον
797 1806 938 1863 ἔμοιγε
967 1810 1091 1850 τοῦτο
1128 1808 1340 1862 λογισμῶν
1369 1807 1573 1862 ἁλμυρῶν
1604 1805 1747 1862 ἐγεγό-

422 1959 498 2004 Ego
526 1969 611 2006 vero
638 1969 764 1993 navem
795 1959 990 1992 onerariam
1020 1963 1164 2002 postero
1191 1958 1249 1992 die
1267 1958 1476 2001 Byzantium
1500 1957 1743 2002 navigaturam

291 2012 414 2042 nactus
431 2032 441 2049 ,
477 2007 613 2040 domum
641 2007 725 2040 veni
753 2016 823 2039 non
850 2005 998 2049 amplius
1027 2006 1148 2038 decem
1174 2006 1291 2039 aureis
1319 2006 1467 2038 nummis
1494 2015 1630 2038 mecum
1655 2015 1743 2049 por-

292 2060 383 2097 tans,
413 2054 562 2098 reliquis
593 2054 752 2086 omnibus
781 2054 816 2086 in
842 2052 1027 2086 itineribus
1056 2053 1132 2086 istis
1159 2053 1384 2096 consumptis.
1423 2052 1610 2086 arbitratus
1640 2050 1741 2094 vero}

292 2102 446 2147 singulis
469 2101 574 2134 rebus
609 2100 821 2134 necessariis
857 2100 1010 2133 emendis
1045 2100 1155 2143 magis
1190 2100 1317 2133 idonea
1343 2110 1422 2133 esse
1458 2099 1670 2133 rauduscula
1707 2105 1741 2132 et

287 2150 432 2183 minoris
459 2153 565 2182 notae
594 2157 752 2181 nummos
772 2172 782 2189 ‚
816 2157 942 2180 aureos
968 2146 1050 2179 illos
1079 2147 1178 2180 hisce
1205 2147 1320 2180 statim
1362 2146 1625 2180 commutabam.
1683 2146 1740 2179 die

289 2202 406 2230 autem
431 2197 630 2239 insequenti
658 2205 762 2239 quum
791 2194 970 2227 venalium
995 2204 1110 2227 rerum
1139 2194 1343 2227 venditores
1372 2194 1543 2236 adissem,
1573 2193 1739 2227 abolitam

291 2254 371 2277 esse
400 2242 620 2287 reperiebam
647 2243 831 2286 pecuniam
848 2266 857 2283 ,
895 2251 996 2286 quam
1022 2241 1058 2274 in
1086 2240 1244 2274 manibus
1274 2240 1443 2274 habebam
1477 2241 1624 2285 eiusque
1653 2250 1739 2284 pre-

288 2292 374 2324 tium
399 2300 469 2324 uno
499 2290 555 2323 die
573 2290 660 2323 adeo
685 2290 914 2330 imminutum,
939 2294 977 2321 ut
1001 2288 1121 2321 decem
1139 2287 1194 2321 illi
1215 2289 1344 2320 nummi
1367 2293 1446 2320 octo
1467 2293 1600 2320 tantum
1629 2297 1739 2321 exae-

290 2343 451 2382 quarent.
503 2347 611 2382 quare
638 2342 740 2370 vetus
766 2336 903 2380 quidam
929 2336 1060 2368 amicus
1086 2335 1122 2367 in
1153 2345 1256 2368 aures
1282 2334 1367 2367 mihi
1398 2334 1662 2375 insusurravit,
1701 2339 1738 2367 ut

290 2385 451 2428 protinus
480 2384 603 2417 eodem
628 2384 685 2417 dic
712 2392 832 2416 omnes
859 2382 1056 2416 nummulos
1085 2383 1127 2415 ad
1152 2392 1209 2415 res
1234 2382 1455 2415 necessarias
1483 2382 1645 2415 emendas
1674 2381 1738 2414 ad-

290 2432 464 2473 hiberem,
493 2442 538 2464 ne
565 2432 670 2464 rebus
695 2431 853 2475 quotidie
879 2430 1000 2473 Euripi
1029 2428 1203 2462 instabilis
1237 2429 1345 2462 instar
1370 2429 1619 2468 fluctuantibus
1649 2427 1737 2461 mibi

288 2479 480 2520 accideret,
509 2484 547 2511 ut
572 2479 671 2512 brevi
696 2484 880 2521 tempore,
911 2477 1003 2522 quod
1028 2482 1110 2509 tunc
1135 2475 1322 2517 haberem,
1347 2476 1389 2509 ad
1415 2475 1563 2508 nihilum
1592 2475 1738 2519 redige-

287 2531 396 2559 retur.
459 2531 564 2570 atque
591 2536 676 2559 sane
697 2526 853 2562 ,miratus
883 2535 982 2566 sum,
1008 2534 1062 2556 me
1086 2523 1172 2556 Dius
1198 2521 1339 2556 Fidius!
1380 2523 1553 2566 quomodo
1591 2521 1644 2555 sol
1674 2531 1737 2555 sua

288 2573 369 2606 luce
400 2573 534 2606 hancce
560 2579 687 2606 terram
714 2572 925 2605 collustrare
953 2572 1135 2605 sustineat.
1164 2570 1358 2613 patientiae
1386 2579 1471 2603 suae
1496 2569 1652 2602 rationes
1669 2578 1737 2602 vo-

286 2620 384 2653 cibus
413 2621 529 2654 tacitis
557 2622 634 2664 ipse
668 2620 839 2653 sermonis
868 2628 994 2662 expers
1017 2627 1082 2650 nos
1110 2627 1130 2650 a
1158 2617 1332 2650 communi
1357 2627 1473 2650 rerum
1507 2616 1635 2660 opifice
1658 2626 1739 2650 ser-

285 2677 390 2701 mone
419 2668 596 2711 praeditos
635 2668 764 2700 docere
798 2667 957 2707 videtur,
998 2666 1077 2709 qui,
1108 2674 1312 2709 quamquam
1349 2674 1488 2707 semper
1523 2663 1605 2696 inde
1632 2673 1738 2706 prae-

287 2715 399 2758 ceptis
427 2715 526 2748 iustis
558 2715 708 2747 instituti
729 2719 833 2758 atque
851 2713 1050 2757 gubernati,
1076 2711 1165 2744 nihil
1181 2717 1296 2745 tamen
1311 2721 1462 2755 unquam
1490 2720 1620 2752 eorum,
1648 2720 1738 2754 quae

287 2771 374 2807 opus
401 2768 493 2804 sunt,
527 2771 795 2806 cognoscamus.

419 2822 494 2858 Hoc
519 2822 627 2868 igitur
652 2821 799 2867 primum
809 2819 1034 2866 naufragium
1060 2818 1205 2854 acerbas
1230 2819 1465 2865 cogitationes
1476 2818 1600 2852 iniecit
1622 2816 1737 2852 animo
