1800 3132
232 145 298 208 24
608 154 610 157 ’
638 162 935 208 mcm’uom
977 161 1280 206 elz-soom

233 269 594 327 α’ντεφιλοτιμεΐτό
620 268 660 312 οἱ
700 270 771 312 καί
799 267 846 312 τά
877 268 1001 311 πιστὰ
1033 271 1105 323 τῆς
1141 267 1239 322 περὶ
1265 267 1311 310 τὸ
1345 267 1475 322 σέβας
1500 267 1690 327 α’ληθοῦς
1742 304 1746 309 x

232 338 424 391 ὁμονοίας
454 339 698 391 περιφανῶς
728 336 960 388 α’ντεδίδου,
990 331 1047 384 ὥς
1068 335 1296 390 τηνικαῦτα
1327 333 1400 377 καί
1426 335 1500 378 τὸν
1525 335 1689 380 Ἀντιο-

228 407 351 458 χειάς
384 401 593 458 ἔγγραφον
620 399 778 445 ἑαυτοῦ
806 405 1065 456 προενεγκεῖν
1090 400 1233 453 τόμον,
1262 399 1484 454 ὁμολογίαν
1505 404 1584 455 μὲν
1613 403 1684 456 τῆς

233 467 462 524 ὄρθοδόξου
507 470 580 509 καί
624 469 761 521 κοινῆς
802 467 920 520 ἡμῶν
960 464 1108 520 ἔχοντα
1140 470 1335 521 πίστεως,
1366 465 1612 519 ἐκτέμνοντα
1642 469 1689 510 δὲ
1757 521 1763 527 .

234 538 452 589 Παλαμᾶν
483 536 556 589 τῆς
585 535 660 576 τοῦ
692 535 796 574 θεοῦ
826 533 1044 587 ἐκκλησίας
1085 532 1142 582 οὖς
1180 533 1287 574 νόθα
1319 535 1392 575 καί
1416 535 1575 590 βέβηλα
1604 542 1722 578 nez-5

235 600 482 657 ρεισάγοντα
513 599 700 653 δόγματα
719 630 730 650 ,
773 597 900 651 τόμον
928 599 1082 640 ἐκεῖνον
1124 598 1282 655 δηλαδὴ
1294 595 1362 659 ,ὃν
1392 602 1437 642 ἐν
1460 601 1686 659 Βυζαντίῳ

233 666 499 720 συνετετάχει
533 664 680 719 παρών
711 664 783 707 καί
810 663 971 706 ἀκούων
1010 667 1082 707 καί
1108 665 1489 720 συναγωνιζόμενος
1516 665 1687 726 Ἰωάννῃ

231 735 286 792 τῷ
315 730 554 789 πατριάρχῃ
582 732 655 773 καί
679 738 764 780 τοῖς
785 747 830 785 γε
858 731 966 788 ἄμφ’
995 732 1124 774 αυ’τὸν
1150 730 1413 786 ἐπισκόποις,
1445 729 1488 775 τό
1519 733 1688 788 ἰσχύειν

232 796 379 852 ἔχουσι
408 799 507 845 τέως
536 796 580 839 ἔκ
606 812 648 841 τε
679 799 754 852 τῆς
784 799 988 853 α’ληθείας
1025 795 1069 839 ἔκ
1098 812 1143 839 τε
1182 800 1258 839 τοῦ
1296 798 1354 852 μὴ
1390 803 1587 854 παρεῖναι
1619 800 1688 843 τὸν

234 865 529 917 α’ντιβαίνοντα
563 864 945 919 Καντακουζηνόν,’
966 859 1032 905 ὅτε
1063 863 1113 918 δὴ
1144 863 1216 906 καί
1243 866 1405 918 πρῶτον
1432 867 1687 921 ἐπιφυεῑσαν
1701 876 1769 912 1οι

234 933 292 989 τῷ
322 931 506 988 καθαρῷ
535 933 635 988 ληίῳ
675 928 751 984 τήν
776 930 899 972 νόσον
929 932 1087 985 ἐκείνην
1126 932 1169 981 ἐξ
1199 931 1329 986 αὐτῆς
1366 929 1482 982 ἔδοξε
1509 931 1688 986 τέμνειν,

234 996 291 1045 αἶς
320 994 449 1050 ἔλεγε,
480 994 677 1051 βλάστης.
746 996 891 1039 τοῦτόν
931 1013 1059 1054 φησιν
1090 998 1317 1039 α’νελίττειν
1345 1013 1390 1040 τε
1416 1000 1690 1051 ἐκεῖνον,καί

234 1060 324 1115 ἅμα
369 1062 446 1112 τὰς
488 1062 739 1119 ὑπογραφάς
776 1064 848 1118 τῆς
898 1059 1193 1120 ὁμοφροσύνης
1235 1064 1557 1108 scauvam-152³
1599 1064 1687 1109 ὅσοι

232 1132 304 1185 τῆς
336 1130 543 1185 ἐπαρχίας
573 1128 731 1171 ἐκείνου
763 1130 1044 1184 τυγχάνουσιν
1075 1126 1187 1179 ὄντες
1210 1133 1428 1174 ἐπίσκοποι
1457 1131 1530 1174 καί
1559 1148 1690 1188 πρεσ-

231 1195 421 1251 βύτεροι,
454 1199 525 1237 καί
552 1193 642 1238 ὅσοι
659 1200 741 1238 τῶν
772 1193 908 1247 ἄλλως
943 1196 1129 1250 λογάδων
1156 1195 1231 1246 τοῖς
1248 1197 1417 1252 γνώμας
1447 1195 1556 1254 ἦσαν
1583 1215 1690 1255 συγ-
1702 1215 1745 1251 15

61 1268 88 1305 f.
104 1267 170 1305 100
184 1268 219 1304 b.
233 1264 428 1316 κείμενοι.
451 1264 481 1287 “
501 1261 662 1311 τούτοις
693 1262 931 1318 ὁμόφρονος
950 1265 1022 1305 καί
1039 1267 1115 1306 τοῦ
1131 1267 1205 1319 τῆς
1234 1264 1544 1320 Ἀλεξανδρείας
1575 1265 1688 1321 ἔλεγε

232 1328 511 1383 πεπειρᾶσθαι
543 1331 750 1384 προέδρου
782 1328 861 1371 σόν
881 1346 925 1384 γε
946 1337 1031 1379 τοῖς
1061 1330 1130 1371 ὑπ’
1161 1330 1274 1387 αὐτῷ
1298 1329 1564 1373 παντάπασιν
1579 1334 1690 1375 ιε’πι-
1717 1355 1722 1359 ·

232 1395 431 1450 σκόποις,
464 1395 542 1438 ’καί
581 1393 670 1449 ἅμα
708 1397 782 1438 τοῦ
809 1399 1038 1452 τηνικαῦτα
1066 1397 1142 1451 τήν
1179 1399 1262 1440 τῶν
1284 1397 1590 1453 Ἰεροσολύμων
1619 1400 1690 1441 ἐκ-

233 1463 408 1516 κλησίαν
437 1463 662 1510 διέποντος.
736 1462 808 1504 καί
845 1463 987 1512 ἁπλῶς
1030 1461 1210 1519 ἔφασκεν
1253 1459 1360 1506 εἶναι
1387 1466 1550 1519 μηδένα
1581 1458 1616 1523 ᾧ
1644 1465 1690 1506 τὸ
1745 1455 1747 1457 ’

236 1529 435 1580 ἐπιτιμᾶν
468 1530 715 1580 Βυζαντίοις
756 1532 827 1583 τῆς
867 1527 911 1571 ἐν
942 1535 1033 1583 ,τοῖς
1075 1525 1210 1579 οὕτως
1253 1527 1463 1584 ἀκινήτοις
1494 1530 1748 1586 εὐκολίαςςὶο

183 1595 313 1639 nonin
343 1590 394 1649 ἦν
426 1592 505 1636 α’νά
550 1594 700 1648 στόμα.
770 1594 839 1638 τὸν
879 1597 915 1637 δ’
945 1595 1262 1649 Ἀλεξανδρείας
1301 1596 1375 1638 καί
1400 1598 1472 1651 τῆς
1504 1600 1690 1654 φυσικῆς

238 1659 456 1715 ἐθαύμαζε
485 1660 601 1715 μάλα
630 1666 850 1716 συνέσεως,
878 1662 1057 1718 βεβηκὸς
1087 1662 1268 1719 ἐχούσης
1293 1661 1338 1706 τὸ
1373 1664 1590 1718 ἐμβριθές,
1620 1666 1692 1706 καί

239 1720 337 1768 οὔτε
367 1726 470 1783 πρὸς
497 1730 660 1783 α’ωρίαν
690 1732 932 1784 φιλοτιμίας
961 1729 1118 1787 ῥᾳδίως
1149 1729 1448 1783 ἐλαυνόμενον,
1478 1724 1583 1771 οὔτε
1605 1724 1691 1784 μὴν

1753 403 1759 419 l

232 1926 377 1969 niteret,
402 1935 529 1968 nemo,
557 1927 640 1970 quin
664 1926 819 1971 benigne
846 1937 924 1960 eum
961 1927 1142 1970 exciperet
1168 1932 1203 1960 et
1231 1927 1390 1961 certatim
1427 1927 1619 1962 honoraret
1651 1938 1693 1961 ac

232 1983 341 2007 verae
366 1973 448 2006 fidei
474 1974 683 2007 concordiae
709 1974 893 2007 manifesta
917 1974 1066 2018 pignora
1091 1973 1200 2006 daret.
1250 1979 1322 2007 tum
1346 1975 1448 2007 etiam
1471 1974 1641 2008 Antiochi
1651 1985 1693 2009 ae

234 2019 435 2065 patriarcha
462 2020 630 2064 scriptum
655 2026 786 2053 tomum
812 2021 978 2064 protulit,
1005 2022 1064 2064 qui
1091 2021 1362 2054 consensionem
1398 2021 1618 2055 orthodoxae
1653 2027 1688 2055 et

237 2067 429 2101 communis
454 2072 596 2104 nostrae
625 2067 706 2100 fidei
743 2067 968 2108 continebat,
1004 2066 1176 2100 Palamam
1202 2077 1288 2100 vero
1316 2072 1355 2100 ut
1378 2069 1499 2111 spuria
1537 2073 1572 2101 et
1605 2078 1693 2112 pro-

240 2115 321 2147 fana
350 2114 513 2157 dogmata
538 2113 762 2147 inducentem
789 2125 833 2146 ex
857 2115 914 2147 dei
942 2113 1095 2147 ecclesia
1123 2113 1289 2147 eiiciebat
1314 2134 1359 2141 -
1396 2119 1526 2147 tomum
1553 2115 1694 2148 scilicet

237 2160 352 2202 illum,
372 2170 475 2204 quem
501 2166 758 2204 composuerat,
785 2171 890 2204 quum
914 2161 1080 2203 Byzantii
1105 2160 1243 2193 audiret
1268 2165 1303 2193 et
1325 2160 1510 2194 adiuvaret
1526 2161 1692 2195 loannem

236 2207 470 2252 patriarcham
498 2207 645 2251 eiusque
673 2208 873 2250 episcopos,
900 2209 958 2252 qui
984 2207 1187 2251 aliquandiu
1213 2208 1416 2250 superiores
1444 2213 1543 2241 erant
1569 2208 1614 2241 ob
1626 2218 1693 2242 ve..

239 2255 353 2288 ritatis
380 2254 585 2298 vim‚quam
612 2254 848 2287 defendebant
875 2260 910 2287 et
935 2255 1028 2298 quod
1054 2263 1125 2287 non
1151 2254 1282 2295 aderat,
1309 2254 1369 2298 qui
1394 2254 1439 2288 iis
1465 2265 1504 2288 se
1529 2264 1692 2299 oppone..

241 2306 310 2342 ret,
337 2300 626 2342 Cantacuzenus‚
655 2310 697 2333 co
723 2301 885 2334 nimirum
911 2306 1095 2344 tempore,
1122 2310 1190 2344 quo
1223 2305 1359 2344 pestem
1392 2301 1493 2335 istam
1536 2302 1573 2334 in
1604 2311 1692 2345 puro

240 2357 326 2392 agro
356 2347 505 2390 primum
529 2353 811 2381 succrescentem
839 2358 915 2380 cum
940 2349 1018 2391 ipso
1046 2348 1203 2392 germine
1231 2348 1487 2390 exstirpandam
1515 2358 1594 2382 esse
1626 2349 1693 2382 de..

243 2399 375 2427 cretum
403 2399 467 2427 est.
518 2394 586 2426 hoc
610 2399 703 2427 tomo
733 2394 878 2427 evoluto
907 2404 984 2427 eum
1010 2395 1059 2427 ait
1087 2394 1283 2427 ostendisse
1320 2395 1423 2427 etiam
1457 2394 1693 2438 subscriptio-

241 2452 305 2475 nes
331 2441 568 2474 unanimitatis
587 2441 739 2473 omnium
765 2440 861 2474 illius
886 2441 1092 2484 provinciae
1119 2441 1365 2484 episcoporum
1393 2446 1427 2474 et
1461 2441 1692 2490 presbytero..

242 2498 317 2522 rum
342 2493 447 2531 atque
479 2487 628 2520 aliorum
657 2487 930 2521 lectissimorum
947 2489 1117 2528 virorum,
1143 2488 1202 2530 qui
1227 2487 1265 2519 in
1290 2488 1409 2521 eadem
1423 2489 1602 2522 sententia
1617 2493 1692 2522 sta..

242 2541 333 2568 rent.
394 2534 516 2567 eodem
551 2545 657 2567 sensu
682 2535 860 2578 praeditos
888 2540 922 2567 et
945 2533 1182 2568 Alexandriae
1206 2533 1404 2577 praesulem
1430 2545 1507 2567 cum
1533 2535 1694 2568 omnibus

247 2581 423 2625 episcopis
450 2581 481 2612 ei
509 2581 656 2615 subditis
685 2587 719 2614 et
748 2591 839 2622 eum,
867 2582 925 2625 qui
950 2586 1020 2614 tum
1034 2579 1359 2624 Hierosolymorum
1386 2581 1604 2625 gubernabat
1630 2592 1694 2615 ec-

247 2628 407 2668 clesiam,
433 2636 472 2659 se
498 2633 679 2670 expertum
703 2638 781 2662 esse
807 2628 894 2660 dixit
918 2633 1022 2672 atque
1052 2628 1192 2660 omnino
1205 2628 1381 2660 neminem
1408 2628 1532 2670 fuisse,
1559 2629 1696 2661 cuinon

248 2673 480 2718 reprehensio
507 2673 795 2717 Byzanfinorum,
823 2675 915 2719 quod
941 2675 976 2707 in
1001 2675 1106 2707 rebus
1131 2679 1199 2707 tam
1227 2674 1499 2708 immutabilibus
1524 2680 1619 2708 tanta
1639 2675 1696 2708 le-

253 2722 365 2757 vitate
392 2725 530 2762 essent,
557 2721 592 2753 in
614 2731 676 2755 ore
709 2731 847 2766 semper
882 2721 1017 2755 ruisset.
1077 2720 1313 2757 Alexandriae
1349 2726 1464 2756 autem
1501 2721 1698 2766 praesulem
