1826 3120
222 164 314 216 140
620 174 915 217 MCEPHOM
959 173 1266 217 GREGORAE

216 277 445 334 τρανότερα
471 278 522 322 τὰ
551 281 622 335 τῆς
651 281 837 336 ἀληθοῦς
866 279 1212 335 α’νακαλυπτήρια
1245 282 1344 336 περὶ
1372 281 1539 336 πάντων
1567 297 1676 326 παν-

129 360 203 396 19
215 345 371 389 τὰπασι
401 345 592 402 γνώσεως
621 345 756 390 ἔσται.
801 348 869 389 σοι’
893 348 929 389 δ’
961 349 1101 389 ἐατέον
1119 346 1388 390 παντάπασιν
1415 349 1489 391 καί
1513 346 1572 405 μὴ
1602 348 1672 392 διὰ

215 415 403 469 σπουδῆς
431 415 608 472 μηδαμῇ
631 418 893 468 περιστεῖλαι
921 413 994 456 τὸν
1009 412 1110 467 ἐμόν
1129 416 1315 469 γενέσθω
1333 416 1492 470 νεκρόν,
1524 412 1675 471 όρῶντι

214 483 314 523 κυσί
339 481 412 522 καί
441 482 599 535 ὀρνέοις
631 480 821 537 δαπάνην
862 479 1131 538 ῥιπτόμενον,
1170 476 1226 531 ὥς
1254 497 1301 536 γε
1333 487 1421 532 τοῖς
1449 484 1581 536 &uass
1595 484 1680 539 ‹5¹7-

212 548 324 600 μίοις
369 549 414 590 ἐκ
461 550 617 589 πολλοῦ
658 548 891 603 κεκύρωται
937 550 1181 604 ψηφισθέν·
1253 549 1293 591 εἰ
1337 547 1418 604 γὰρ
1468 549 1708 595 πλείστων5

180 627 191 634 “
214 612 343 668 ἁγίων
372 611 547 656 ἑκόντων
579 615 734 671 ἐρρίφη
763 613 812 656 τοὶ
846 613 1050 668 σώματα,
1095 618 1165 657 καί
1187 617 1320 658 ταῦτα
1347 617 1430 657 τῶν
1457 631 1503 671 γε
1530 615 1674 657 πλειό-

212 696 295 722 νων
323 679 422 735 πρίν
455 675 480 735 ἢ
507 682 579 735 τῆς
607 683 836 737 συμφυοῦς
866 683 1134 737 χωρισθῆναι
1166 683 1336 738 ψυχῆς,
1369 678 1437 724 ὅτε
1465 681 1516 738 δὴ
1543 682 1674 735 μα’λι-

212 740 292 788 στα
335 747 407 791 καί
444 748 715 802 δριμυτέραις
761 749 907 790 ἕπεται
940 749 1279 805 διαπερονίίσθαι
1332 754 1424 798 ταῖς
1463 747 1675 806 ἄλγηδόσι,

214 816 351 870 πολλῷ
394 812 529 868 δήπου
563 809 721 867 μᾶλλον
761 814 872 870 ἡμᾶς
919 817 1092 870 μυριόις
1132 813 1412 872 ἁμαρτήμασι
1447 817 1674 870 βρίθοντας

212 880 438 934 ὑπομένειν
467 881 618 937 χρεών,
649 882 722 924 καί
748 883 869 924 ταῦτ’
899 883 959 931 εἰς
990 882 1244 938 ἀναίσθητον
1272 885 1397 937 σῶμα
1428 884 1502 925 καί
1529 883 1674 938 νεκρὸν
1690 891 1737 927 10.

35 947 60 983 f·
84 948 150 984 129
165 949 297 989 α-τῶν
329 949 482 989 δεινῶν
512 950 546 974 Ν
581 952 983 1003 περιαντλουμένων.
1041 949 1193 1004 ἡδοναί
1228 947 1310 1004 γάρ
1347 951 1419 992 καί
1446 951 1577 992 λῦπαι
1605 949 1678 993 καί

213 1015 337 1068 ὀργαί
357 1016 428 1057 καί
446 1013 588 1071 φόβοι,
620 1017 693 1057 καί
721 1012 819 1057 ὅσαι
849 1018 932 1058 τῶν
955 1016 1193 1069 ἐπιθυμιῶν
1219 1019 1448 1070 διαθέσεις,
1477 1011 1502 1071 ἢ
1529 1015 1677 1072 ψυχὴν

157 1089 163 1095 “
210 1080 481 1134 ὑποκείμενον
494 1080 627 1137 μόνην
642 1080 781 1133 ἕξουσι
798 1083 896 1124 καθ’
913 1079 1043 1138 αὖτην
1060 1079 1086 1135 ἢ
1102 1080 1249 1137 ψυχῆν
1262 1085 1485 1138 χρωμένην
1498 1080 1676 1137 στόματι,

209 1149 332 1200 σῶμα
363 1149 399 1190 δ’
427 1143 529 1190 ἄνευ
560 1151 706 1203 ψυχῆς
735 1150 832 1191 καθ’
866 1148 988 1202 αὑτό,
1019 1151 1137 1192 τοῦτο
1172 1150 1210 1190 δ’
1241 1145 1381 1191 οὔποτ’
1411 1145 1462 1191 ἂν
1489 1149 1672 1206 ου’δαμῇ·

214 1212 418 1270 πρότερον
447 1214 528 1270 γὰρ
569 1211 622 1257 ἄν
659 1231 722 1264 τις
761 1218 996 1270 ἐγκαλέσειε
1039 1215 1179 1268 ξύλοις
1207 1216 1396 1270 ἀψύχοις
1436 1218 1511 1258 καί
1538 1218 1673 1267 λίθοις
1689 1222 1731 1257 15

210 1283 349 1336 χαρᾶς
378 1279 624 1336 ὲντήκεσθαι
662 1284 734 1324 καί
770 1280 904 1338 λύπης
944 1283 1143 1338 αἴσθησιν
1186 1282 1259 1324 καί
1284 1285 1368 1325 τῶν
1398 1281 1613 1336 τοιούτων,
1647 1278 1672 1337 ἢ

206 1345 401 1400 σιιίμασιν
441 1349 724 1402 α’νθρωπίνοις
762 1351 1040 1404 ἀπαλλαγεῖσι
1078 1351 1236 1405 ψυχῆς.
1308 1352 1501 1404 γίνεσθαι
1537 1350 1574 1391 δ’
1598 1344 1673 1391 οὖν

210 1411 321 1468 ὅμως
350 1415 456 1470 πρὸς
486 1417 588 1457 θεοῦ
615 1422 698 1467 τοῖς
725 1420 803 1470 μὲν
830 1418 987 1470 δρῶσιν
1018 1416 1223 1470 ἀκούομεν
1250 1415 1420 1472 ἔλεγχον
1451 1414 1503 1458 τοὶ
1532 1417 1674 1458 τοιαδὶ

209 1484 357 1530 κακίας
386 1484 458 1525 καί
485 1478 575 1535 ἅμα
608 1482 759 1539 φλογὸς
805 1485 896 1526 ἐκεῖ
928 1482 1185 1539 κολαζούσης
1226 1479 1498 1537 ἓτοιμασιάν,
1531 1477 1594 1530 οἷς
1634 1482 1672 1524 δ’

210 1546 435 1600 ὑπομένειν
465 1546 578 1598 ὅπως
606 1552 706 1592 ποτὲ
724 1552 958 1605 προθυμία,
986 1549 1150 1598 τούτοις
1180 1551 1220 1591 δ’
1251 1549 1499 1604 α’παλλαγὴν
1527 1550 1738 1604 ἐγκλη-ΞΟ»

208 1614 358 1670 μάτων
384 1618 556 1671 ψυχῆς·
620 1618 729 1673 μηδὲ
765 1617 844 1671 γὰρ
885 1613 986 1658 ἄλλο
1023 1632 1062 1659 τι
1106 1615 1338 1670 βούλεσθαι
1375 1615 1448 1672 τὴν
1478 1616 1671 1673 θηριώδη

209 1684 383 1738 ταυτηνί
409 1686 503 1724 καθ’
538 1684 655 1738 ἡμῶν
684 1683 868 1738 κατοχὴν
888 1690 974 1734 τοῖς
1004 1686 1120 1738 ε’μοῖς
1151 1685 1319 1740 δημίοις
1347 1680 1375 1740 ἢ
1404 1686 1480 1727 τοῦ
1509 1684 1682 1739 παρόν-ψ

210 1764 281 1798 τος
311 1748 506 1802 ἐπίτομον
532 1752 628 1804 βίου
662 1750 923 1806 ἀπαλλαγήν.
978 1748 999 1792 ὃ
1026 1750 1107 1805 γὰρ
1130 1751 1348 1799 Ἰουδαίοις
1373 1751 1545 1799 ἐκείνοις
1575 1749 1674 1793 ἐπέ-

210 1831 371 1869 πρακτο
397 1816 541 1872 πάλαι,
568 1815 705 1871 ἔργοις
732 1820 811 1869 μὲν
839 1816 912 1859 καί
935 1816 1086 1866 πάσαις
1107 1816 1271 1872 γνώμης
1302 1815 1454 1872 ὁρμαῖς
1468 1816 1540 1860 τὸν
1560 1819 1674 1871 Χρι-
1698 1849 1707 1881 3

210 1884 310 1924 στοῦ
362 1881 650 1926 συσκευάσασι
688 1883 899 1937 θάνατον,
942 1884 1050 1943 λόγῳ
1093 1886 1130 1925 δ’
1180 1884 1507 1938 εὐλαβουμένοις
1541 1886 1729 1940 δῆθεν25

209 1951 321 2006 ψιλῷ
346 1954 503 2005 χωρεῖν
534 1950 594 1999 εἰς
623 1951 880 2005 πραιτώριον
912 1951 1180 2006 ὀψιαίτερον,
1210 1953 1322 1993 τοῦτ’
1363 1945 1560 2006 ἄντικρυς
1587 1949 1672 1994 ἴδοι

212 2163 299 2188 vero
326 2153 401 2188 noli
436 2164 578 2197 operam
604 2155 754 2197 perdere
780 2153 988 2198 sepeliendo
1014 2154 1302 2195 cadavermeum,
1328 2153 1388 2187 ubi
1415 2153 1561 2188 canibus
1587 2156 1669 2189 avi-

210 2202 349 2246 busque
384 2201 560 2235 obiectum
588 2202 830 2245 conspexeris.
891 2201 985 2246 quod
1009 2202 1077 2234 iam
1102 2200 1212 2234 multo
1240 2211 1284 2234 ex
1308 2205 1468 2244 tempore
1495 2211 1669 2244 persecu-

211 2254 309 2282 tores
342 2249 385 2282 de
412 2259 466 2282 me
500 2249 703 2282 decrevisse
741 2250 829 2282 scio.
881 2249 975 2293 quid,
1002 2249 1031 2282 si
1060 2248 1202 2292 plurimi
1229 2253 1427 2281 sanctorum
1454 2258 1526 2281 non
1564 2249 1667 2283 inviti

214 2306 342 2340 corpus
370 2296 494 2329 bestiis
521 2296 648 2329 obiicis
660 2297 753 2340 passi
779 2302 871 2338 sunt,
885 2297 1002 2338 etiam,
1029 2296 1121 2340 quod
1148 2296 1287 2339 quidem
1316 2295 1360 2328 de
1386 2294 1547 2338 pluribus
1576 2306 1666 2330 con..

212 2349 295 2386 stat,
322 2348 507 2387 antequam
542 2353 692 2387 corpore
717 2344 831 2376 anima
857 2344 1035 2385 decessit,
1060 2343 1107 2375 ita
1132 2348 1170 2375 ut
1194 2342 1286 2375 inter
1311 2342 1500 2376 acerrimos
1525 2342 1668 2377 dolores

212 2401 341 2434 corpus
376 2390 581 2424 dilaniatum
614 2389 692 2424 sit?
717 2391 878 2434 profecto
914 2401 971 2424 me
995 2391 1053 2435 qui
1086 2389 1187 2423 nuile
1224 2390 1359 2433 pecatis
1402 2394 1568 2424 oneratus
1603 2391 1668 2425 sim

210 2439 321 2471 multo
360 2438 472 2482 magis
509 2437 665 2471 tolerare
692 2439 727 2471 id
753 2438 868 2480 decet,
895 2438 1101 2482 praesertim
1129 2447 1232 2481 quum
1259 2436 1295 2469 in
1325 2446 1453 2480 corpus
1482 2437 1550 2470 iam
1573 2439 1668 2472 omni

211 2496 318 2520 sensu
344 2485 517 2527 orbatum,
544 2486 579 2518 in
606 2486 757 2519 cadaver
782 2486 955 2519 saeviant.
1004 2495 1082 2518 nam
1106 2483 1284 2527 voluptas,
1308 2482 1424 2525 dolor,
1449 2484 1514 2526 ira,
1540 2490 1667 2527 metus,

212 2538 386 2578 quotquot
412 2532 474 2565 alii
501 2538 581 2566 sunt
610 2533 715 2566 animi
742 2539 855 2566 motus
883 2538 941 2566 aut
952 2542 1041 2577 quae
1068 2531 1209 2575 corpori
1235 2530 1356 2564 subest
1381 2530 1491 2564 solam
1518 2533 1667 2566 animam

212 2585 334 2613 tenent
364 2585 423 2613 aut
449 2581 598 2613 animam
624 2590 764 2625 unaque
790 2590 938 2623 corpus;
964 2580 1167 2624 neutiquam
1195 2587 1280 2612 vero
1307 2587 1434 2621 corpus
1458 2579 1667 2613 exanimum.

211 2629 314 2660 immo
342 2627 463 2660 durum
489 2627 623 2671 lignum
650 2628 767 2671 potius
793 2637 986 2672 saxumque
1004 2627 1186 2671 voluptate
1214 2626 1309 2660 affici
1337 2630 1372 2658 et
1385 2625 1527 2660 dolores
1556 2637 1668 2672 quae..

213 2685 281 2718 que
309 2674 439 2708 similia
466 2681 547 2708 sunt
572 2676 706 2708 sentire
733 2675 865 2708 dixeris
895 2685 997 2719 quam
1024 2674 1219 2708 exanimata
1246 2682 1398 2717 corpora
1423 2672 1586 2707 humana.
1610 2679 1668 2708 ta..

211 2731 291 2754 men
317 2721 407 2764 apud
433 2722 533 2755 deum
560 2720 647 2755 haec
674 2727 899 2765 peccatorum
925 2721 1027 2755 nobis
1054 2720 1242 2765 approbrio
1270 2730 1349 2755 esse
1375 2720 1515 2754 scimus.
1551 2731 1677 2766 neque*

213 2769 296 2818 quid
320 2768 416 2803 aliud
443 2768 507 2802 hac
534 2769 716 2804 custodiae
743 2770 957 2803 immanitate
984 2773 1233 2814 persecutores
1259 2766 1540 2803 meii‘n'tendunt
1558 2778 1666 2814 ⁴quatu
