1786 3138
237 124 336 178 460
636 136 933 179 Nicnrflom
971 135 1275 179 Gnsscomss

239 242 421 298 ποίησιν.
478 244 516 286 εἶ
540 245 618 299 μὲν
648 240 720 286 οὖν
745 247 819 300 τῆς
849 242 996 293 οὖσιάς
1025 244 1138 300 λέγοι
1164 245 1237 300 τῆς
1267 243 1401 295 θειάς,
1429 233 1692 297 Μανιχαιων

151 320 224 355 80
237 306 283 351 τὸ
311 308 475 365 νόσημα
509 311 656 362 δείξων
699 310 722 353 ὅ
750 311 879 367 λόγος·
897 310 1088 368 ἔρχεται·
1157 310 1232 353 καὶ
1257 312 1304 353 τί
1337 307 1386 352 ἂν
1417 309 1693 367 ἀσεβέστερον

239 373 303 431 εἴη
331 378 408 417 τοῦ
434 378 716 431 μετουσι’ωσιν
752 377 1045 434 λέγοντος’τὴν
1074 378 1145 419 ἐπὶ
1178 379 1253 419 τοῦ
1290 376 1521 433 Θαβωριόυ
1563 373 1691 432 ὄρους

236 441 572 499 μεταμόρφωσιν
598 444 673 486 τοῦ
703 446 904 500 Χριστοῦ,
934 444 1007 486 καί
1037 445 1156 485 δυοῖν
1183 445 1266 485 τῶν
1297 442 1575 486 ἀτοπωτάτων
1607 442 1688 485 θά-

235 523 357 563 τερον
388 510 554 559 πάντως
582 510 830 566 εἰσάγοντος,
859 508 886 565 ἢ
913 512 987 565 τῆς
1006 510 1127 559 θείας
1158 509 1305 558 οὐσίας
1331 509 1377 551 τὸ
1410 509 1722 556 ἀναλλοίωτον5

239 572 401 629 δηλαδή
430 578 740 632 καθαιροῦντος
770 578 828 626 εἰς
855 574 901 618 τὸ
931 575 1158 632 ὗφειμένον
1190 576 1262 618 καί
1294 574 1500 632 διάφορον
1524 574 1704 630 ταύτης,

236 637 264 694 ἢ
296 641 557 696 διαιροῦντος
594 643 636 693 ἐξ
688 643 884 697 ἀμαθοῦς
916 643 990 685 καὶ
1021 642 1282 698 κακοτρόπου
1324 642 1496 698 γνώμης
1526 641 1586 691 εἷς
1616 639 1688 682 δύο

237 705 445 760 θεοτήτων
480 707 683 751 ἀκτίστων
715 709 1032 765 διχοτομήματα
1060 707 1133 764 τὴν
1162 709 1294 764 μόνην
1324 705 1514 751 ἄκτιστόν
1543 722 1590 750 τε
1616 707 1690 750 καὶ

238 771 376 828 ἀμερῆ
405 774 478 816 καί
507 773 654 830 ἁπλῆν,
686 776 760 818 καί
787 775 861 831 τὴν
887 777 965 830 μὲν
984 776 1172 831 λέγοντος
1200 773 1356 831 ὄρατὴν
1384 773 1458 829 τὴν
1485 775 1524 816 δ’
1555 772 1688 829 ἀόρα-

234 853 316 887 τον,
345 839 418 880 καί
445 838 518 894 τὴν
546 841 624 894 μὲν
663 840 870 898 μεθεκτὴν
910 840 984 897 τὴν
1015 844 1053 883 δ’
1103 841 1357 895 ἀμέθεκτον,
1402 841 1476 884 καὶ
1510 838 1584 895 τὴν
1610 839 1689 893 μὲν
1703 853 1746 889 10

235 903 468 962 ὖφειμένην
496 906 568 962 τὴν
594 910 632 950 δ’
662 906 975 965 ὑπερκειμένην.
1037 907 1060 951 ὃ
1089 909 1161 950 καὶ
1190 906 1264 963 τὴν
1288 909 1376 962 τῶν
1404 906 1688 961 εἷκονομάχων

234 969 545 1028 ὖπερβέβληκεν
574 974 748 1030 αἵρεσιν,
776 973 833 1025 ὦς
862 976 1075 1032 εἰρήσεται
1113 976 1326 1030 χωροῦντι
1353 975 1415 1031 τῷ
1443 973 1548 1030 λόγῳ
1579 976 1688 1014 πλα-

148 1053 223 1087 40
235 1038 415 1095 τότερον.
474 1041 512 1082 εἷ
542 1043 580 1082 δ’
610 1042 652 1092 ἐξ
685 1041 794 1084 ὅλων
828 1041 928 1099 ὅλην
954 1044 1302 1098 μεταβεβλῆσθαι
1332 1042 1489 1099 φάσκοι
1515 1038 1589 1096 τὴν
1615 1041 1689 1082 τοῦ

239 1105 388 1148 δούλου
416 1108 610 1164 μορφήν,
658 1113 747 1151 κατ’
780 1109 930 1159 αὐτοὺς
962 1110 1145 1164 ἀκριβῶς
1185 1111 1317 1150 εἰπεῖν
1344 1108 1439 1159 τοὺς
1470 1106 1688 1162 εἰκονομά-

232 1187 351 1225 χους,
382 1174 453 1216 ἐπὶ
483 1176 575 1231 φῶς
602 1173 796 1232 ξᾶρρητόν
825 1192 867 1219 τε
912 1177 985 1218 καί
1020 1174 1211 1217 ἄκτιστον
1248 1175 1321 1218 καί
1349 1174 1528 1231 θεότητα
1555 1174 1687 1229 ξένην,
1703 1190 1746 1226 15

234 1237 350 1281 καθὰ
377 1240 455 1282 κάν
481 1246 568 1291 τοῖς
596 1244 694 1299 περὶ
724 1241 865 1299 φωτὸς
896 1244 1068 1294 διέξεισι
1098 1242 1235 1297 λόγοις
1265 1241 1392 1284 αὐτοῦ
1422 1245 1586 1298 φωναῖς
1614 1241 1688 1284 ἀν-

235 1307 475 1359 θρωπίναις
502 1311 742 1364 κεχρῆσθαι
769 1308 814 1351 τὸ
847 1310 938 1365 φῶς
967 1310 1098 1351 ἐκεῖνο
1114 1341 1125 1360 ,
1162 1307 1436 1362 καυχώμενον
1461 1307 1580 1363 ’πρὸς
1611 1306 1689 1348 αὖ-

233 1371 315 1422 τόν,
346 1372 420 1415 καί
442 1371 526 1429 ιζμὴ
561 1376 697 1431 φοβοῦ
706 1374 729 1390 ”
759 1377 1165 1431 παρακελευόμενον,
1187 1373 1323 1430 “paeni
1349 1390 1427 1417 σου
1454 1373 1536 1430 γάρ
1566 1372 1690 1428 εἰμι,”
1785 1383 1786 1427 1

234 1440 308 1480 τοῦ
329 1438 551 1493 μέλλοντος
578 1441 810 1497 ἀρραβῶνα
844 1441 983 1498 φωτὸς
1029 1442 1339 1498 παρεχόμενον,
1380 1439 1572 1496 ζητητέον
1601 1441 1689 1489 πῶς
1785 1434 1786 1444 ³

57 1505 214 1545 f·241a·
235 1504 281 1548 τὸ
312 1505 475 1548 κτιστὸν
509 1508 857 1563 μετακεχωρηκεν
896 1504 1036 1565 ἑαυτῷ
1083 1508 1189 1565 πρὸς
1230 1507 1276 1551 τὸ
1323 1505 1513 1551 ἄκτιστον
1543 1506 1616 1549 καί
1642 1505 1747 1553 τὸ20

237 1571 446 1628 ἠργμένον
473 1572 580 1628 πρὸς
607 1573 652 1616 τὸ
686 1572 871 1630 ἄναρχον
892 1576 965 1617 καί
981 1574 1026 1616 τὸ
1054 1573 1254 1631 χρονικὸν
1286 1573 1391 1631 πρὸς
1415 1572 1462 1616 τὸ
1496 1571 1689 1630 ἄχρονον,

148 1649 218 1683 41
236 1637 309 1680 καί
338 1638 445 1695 πρὸς
473 1638 518 1682 τὸ
551 1642 871 1697 πεπερασμένον
890 1641 935 1684 τὸ
961 1640 1146 1698 ἄπειρον.
1176 1639 1331 1696 ὅτιμὲν
1354 1639 1436 1698 γὰρ
1465 1638 1512 1682 τὸ
1542 1641 1690 1697 φθαρ-

234 1704 304 1748 τὸν
335 1707 453 1751 τοῦτο
495 1707 602 1751 κατὰ
639 1707 710 1751 τὸν
749 1711 866 1752 θεῖον
905 1708 1136 1752 ἀπόστολον
1180 1708 1397 1752 ἐνδύσεται
1425 1707 1689 1766 ἀφθαρσίαν,

232 1925 295 1959 tio.
347 1926 455 1970 igitur
493 1926 523 1958 si
556 1927 634 1970 quis
666 1927 842 1960 essentiae
874 1927 1017 1961 divinae
1050 1926 1197 1968 dixerit,
1223 1924 1506 1960 Manichaeorum
1529 1923 1687 1958 morbum

236 1973 432 2007 ostenderit
460 1974 586 2007 oratio.
639 1974 721 2018 quid
747 1984 834 2008 vero
864 1975 976 2018 magis
1004 1975 1146 2017 impium
1174 1979 1246 2015 est,
1273 1983 1374 2017 quam
1401 1972 1577 2005 essentiae
1601 1981 1687 2015 per..

232 2020 458 2053 mutationem
485 2021 604 2054 dicere
630 2021 760 2055 Christi
785 2022 821 2054 in
848 2027 965 2054 monte
994 2021 1130 2055 Thabor
1157 2019 1498 2063 transfigurationem
1529 2023 1564 2051 et
1598 2019 1687 2052 dua-

233 2077 307 2100 rum
333 2067 542 2110 ineptiarum
569 2068 751 2109 inducere,
778 2073 837 2102 aut
865 2068 1081 2102 immutabile
1112 2068 1253 2101 divinae
1280 2066 1455 2100 essentiae
1488 2065 1687 2109 deprimere

232 2114 274 2147 ad
301 2114 497 2148 subiectum
532 2120 567 2148 et
596 2115 639 2148 ab
672 2115 734 2148 illa
759 2115 933 2157 alienum,
969 2121 1029 2148 aut
1053 2115 1240 2149 inscientia
1272 2119 1306 2147 et
1328 2113 1481 2158 maligna
1507 2118 1624 2146 mente
1648 2112 1685 2145 in

233 2161 317 2194 duas
350 2161 523 2195 increatas
564 2162 712 2195 deitates
753 2163 949 2196 distrahere
979 2173 1080 2195 unam
1114 2164 1302 2195 increatam
1342 2165 1377 2193 et
1410 2159 1626 2193 individuam
1651 2164 1686 2192 et

232 2207 453 2251 simplicem,
488 2214 523 2241 et
561 2209 706 2243 alteram
740 2210 859 2242 dicere
886 2210 1082 2252 visibilem,
1110 2207 1326 2242 invisibilem
1353 2207 1511 2249 alteram,
1536 2206 1682 2241 alteram

231 2255 549 2299 particeptibilem,
575 2257 923 2299 imparticeptibilem
949 2256 1116 2298 alteram,
1143 2256 1287 2289 alteram
1314 2254 1530 2295 subiectam,
1556 2264 1705 2298 auper-=

231 2303 356 2335 iectam
382 2303 542 2344 alteram,
569 2305 660 2348 quod
688 2305 797 2346 ipsam
825 2304 1132 2337 iconomachorum
1166 2303 1329 2336 haeresin
1361 2302 1544 2345 superavit
1576 2307 1614 2335 ut
1638 2302 1685 2341 *in

230 2349 446 2392 procedente
472 2352 633 2383 oratione
659 2351 770 2384 fusius
796 2351 943 2384 dicetur.
992 2352 1046 2384 sin
1077 2357 1214 2384 omn'em
1239 2350 1379 2382 omnino
1405 2348 1534 2382 dixerit
1556 2349 1684 2381 immu-

231 2401 336 2429 tatam
373 2397 468 2430 servi
505 2398 648 2430 formam
684 2403 722 2430 ut
757 2398 977 2431 iconomachi
1010 2399 1130 2431 dicunt
1162 2398 1198 2430 in
1222 2396 1344 2430 lucem'
1364 2396 1540 2429 infandam
1567 2400 1603 2429 et
1625 2396 1684 2428 in-

232 2448 383 2476 creatam
409 2448 444 2477 et
469 2444 633 2477 deitatem
660 2444 809 2477 alienam
837 2451 874 2478 ut
900 2446 936 2478 in
962 2445 1181 2479 sermonibus
1206 2445 1248 2477 de
1264 2443 1344 2477 luce
1370 2443 1512 2476 disserit
1536 2442 1685 2476 vocibus

232 2489 404 2532 humanis,
431 2501 526 2524 usam
553 2502 631 2524 esse
657 2491 771 2524 lucem
798 2492 892 2526 illam
910 2492 1119 2537 gloriantem
1145 2493 1188 2524 de
1214 2501 1307 2531 sese,
1335 2500 1406 2523 non
1422 2495 1558 2523 terrore
1584 2498 1685 2522 com..

231 2542 379 2579 motam,
411 2542 525 2571 tecum
554 2539 645 2571 enim
671 2549 765 2580 sum,
801 2540 928 2583 pignus
963 2540 1100 2572 futurae
1126 2538 1215 2571 lucis
1242 2537 1480 2581 praebentem,
1506 2546 1684 2581 quaeren-

231 2584 310 2617 dum
344 2589 416 2625 est,
454 2585 627 2629 quomodo
652 2591 805 2618 creatum
838 2587 964 2620 abierit
981 2587 1021 2620 ad
1040 2587 1231 2619 increatum
1256 2590 1291 2617 et
1322 2584 1522 2617 inchoatum
1548 2584 1591 2617 ad
1613 2593 1684 2617 non

232 2630 429 2663 inchoatam
455 2637 490 2664 et
514 2631 708 2675 temporale
735 2633 776 2666 ad
802 2644 870 2666 non
896 2633 1091 2677 temporale
1119 2637 1154 2665 ct
1170 2632 1302 2664 finitum
1331 2632 1372 2664 ad
1398 2631 1583 2664 infinitum.
1605 2640 1684 2663 nam

233 2677 300 2709 hoc
327 2678 560 2721 corruptibile
585 2684 621 2711 ut
646 2679 748 2712 divus
776 2681 958 2723 apostolus
988 2681 1073 2714 dicit
1086 2679 1283 2712 induturum
1302 2678 1602 2721 incorruptionem
1617 2687 1685 2710 au-

232 2724 383 2759 divimus
409 2725 716 2770 credidimusque,
744 2733 898 2761 creatum
926 2732 1040 2760 autem
1067 2726 1142 2760 fieri
1168 2726 1359 2759 increatum
1388 2725 1446 2759 vel
1473 2734 1600 2769 corpus
1625 2724 1683 2757 in-
