1852 3138
294 154 394 236 404
694 190 992 236 NicEPnom
1029 183 1334 233 Gamom

292 298 599 353 μεσιτεύοντος,
637 299 710 341 καί
749 299 875 340 πάλιν
915 299 989 340 ἕνα
1019 295 1119 338 θεὸν
1150 292 1286 348 εἶναι,
1330 295 1437 339 διότι
1470 294 1552 349 μία
1588 293 1752 351 θεότης,

297 365 529 421 ἀναγκαίαν
558 365 697 408 αἰτιάν
724 366 799 407 τοῦ
829 364 967 419 σέβειν
997 363 1072 406 ἕνα
1101 362 1202 405 θεὸν
1231 363 1306 419 τὴν
1334 364 1408 418 τῆς
1431 364 1535 418 μιᾶς
1557 361 1754 417 θεότητος

294 433 463 490 πρώτην
493 430 719 488 ὁμολογίαν
746 432 959 483 τιθέντων,
1005 431 1043 473 εἰ
1069 430 1129 486 μή
1157 447 1220 480 τις
1256 431 1300 472 ἐν
1336 429 1581 486 ἀθύρματος
1618 427 1751 486 μοίρᾳ

293 500 367 542 καὶ
393 499 574 555 γέλωτος
605 495 710 540 ἑκών
733 494 888 541 ἑαυτοῦ
914 499 1122 556 προδότης
1149 501 1237 547 τοῖς
1261 498 1305 539 ἐν
1335 496 1510 554 ἀγοραῖς
1526 495 1750 539 καλινδου-

288 566 433 620 μένοις
460 565 668 622 παιγνίοις
698 565 946 609 καθίσταιτο
975 566 1271 621 ἐθελοκωφῶν.
1454 609 1455 613 Ἰ
1762 569 1786 604 5

241 656 276 691 2
426 631 585 683 Τούτου
615 647 661 689 γε
688 631 772 690 μὴν
803 631 1159 712 ὁμολογηθέντος,
1199 631 1390 690 δεύτερόν
1415 633 1504 675 ἐστι
1530 629 1752 674 πυθέσθαι

295 698 409 751 ἄξιον
456 701 494 742 εἰ
540 699 629 742 δέοι
675 701 1037 757 παραδραμόντας
1077 699 1151 755 τὴν
1200 699 1340 755 κοινὴν
1391 695 1519 749 αυθις
1561 699 1635 753 τῆς
1676 697 1752 740 τοῦ

292 769 397 810 θεοῦ
434 767 656 847 ἐκκλησίας
692 765 854 810 ἔννοιαν
890 765 1047 823 μεταξὺ
1087 768 1283 831 καθάπερ
1327 766 1477 820 λύχνον
1518 766 1583 808 ἐπ’
1617 779 1750 822 ορονς

292 834 505 890 κειμένην,
541 850 685 876 επειτα
728 832 884 891 ὄρατὴν
923 830 1032 877 εἶναι
1069 834 1202 891 λέγειν
1245 833 1319 889 τὴν
1335 834 1476 915 ’,μίαν
1485 832 1638 887 ταύτην
1676 847 1748 872 και

289 901 422 957 μόνην
451 899 641 944 durnerunt
668 901 861 958 θεότητα,
892 900 1028 944 εἴτουν
1052 901 1098 944 τὸ
1129 903 1173 944 ἓν
1209 903 1300 959 φῶς
1328 902 1459 943 ἐκεῖνο
1491 898 1538 942 τὸ
1571 899 1746 953 ἀειλαμ-
1762 909 1805 952 10

292 968 367 1017 πὲς
406 968 480 1010 καί
510 966 740 1024 ἀπρόσιτον
780 969 853 1010 καί
885 967 1138 1021 ἀδιάδοχον·
1196 965 1335 1010 κοινὸν
1357 965 1438 1024 γὰρ
1470 961 1580 1008 εἶναι
1612 963 1748 1020 δόγμα

289 1036 363 1089 τῆς
387 1034 608 1090 ἐκκλησίας
637 1035 710 1076 καὶ
737 1035 845 1076 τοῦτ’
878 1036 1120 1091 εἰλήφειμεν
1145 1035 1250 1091 πρός
1276 1050 1320 1077 τε
1334 1036 1409 1077 τοῦ
1430 1034 1543 1075 ’θεοῦ
1558 1033 1631 1076 καὶ
1660 1047 1746 1074 σω-

287 1103 415 1158 τῆρος
448 1100 567 1157 ήμῶν
592 1100 732 1156 Ἰησοῦ
762 1102 953 1158 Χριστοῦ
979 1102 1053 1144 καί
1082 1104 1164 1144 τῶν
1195 1101 1323 1144 αὐτοῦ
1350 1102 1578 1158 φοιτητῶν,
1607 1096 1748 1157 ἑωρα-

289 1168 407 1211 κέναι
449 1166 549 1210 θεὸν
588 1165 796 1224 ὑπάρχειν
840 1167 1044 1211 ἀδύνατον
1080 1167 1243 1220 ἅπασι,
1286 1168 1393 1224 πλὴν
1424 1167 1497 1211 διὰ
1522 1167 1750 1223 συμβόλων

288 1237 362 1277 καί
390 1234 529 1277 τόπων
560 1236 824 1290 σωματικῶν.
879 1233 1004 1278 “οῦτε
1047 1236 1156 1293 γὰρ”
1196 1237 1326 1293 φησίν
1361 1231 1476 1278 “eise
1518 1233 1620 1277 θεὸν
1663 1231 1748 1277 οὔτ’
1763 1241 1807 1277 15

288 1302 396 1344 ἰδεῖν
441 1302 616 1344 δύναται
653 1303 735 1344 τῶν
774 1300 969 1344 ἁπάντων
1006 1302 1180 1353 οῦδει’ς.”
1240 1302 1347 1361 ἅπερ
1383 1301 1407 1346 ὅ
1450 1300 1579 1345 εἰπών
1624 1301 1750 1352 αὖτὸς

289 1368 612 1425 ἒπισφραγίζων
659 1364 788 1418 αὖθις
828 1371 944 1419 θεῖος
971 1372 1151 1420 Παῦλος
1195 1368 1269 1412 “εἴ
1304 1387 1367 1421 τις
1414 1368 1748 1426 etiamsi-azera?

122 1451 148 1487 f,
166 1435 399 1492 1631-,φησί
422 1433 563 1491 “παρὸ
591 1435 863 1491 παρελάβετε,
900 1436 1095 1491 ὠιάθεμα
1114 1436 1259 1488 ἔστω,”
1289 1439 1421 1480 ταῦτα
1453 1434 1505 1492 δὴ
1533 1436 1665 1492 λέγων
1695 1433 1749 1477 τὰ

291 1503 505 1559 εἰρημένα,
534 1500 580 1545 τὸ
612 1503 715 1556 μίαν
743 1517 787 1544 τε
815 1504 954 1557 σέβειν
985 1501 1176 1547 ἄκτιστον
1207 1504 1386 1560 θεότητα
1416 1505 1489 1547 ’καί
1509 1506 1601 1561 φῶς
1627 1504 1673 1546 ἓν
1702 1504 1747 1545 ἐν

289 1569 427 1626 τρισὶν
456 1567 733 1622 ῦποστάσεσι,
764 1571 836 1612 καὶ
867 1568 956 1624 ἅμα
983 1570 1136 1627 ταύτην
1167 1570 1346 1628 ἀόρατον
1376 1565 1485 1613 εἶναι
1514 1568 1806 1626 ὄμολογεΐν,20

242 1635 348 1692 .μή
378 1634 443 1679 ὅτι
473 1636 716 1694 ἀνθρώποις
748 1637 853 1679 ἀλλὰ
885 1637 959 1680 καί
992 1637 1179 1694 ἀγγέλοις
1209 1637 1363 1689 αὐτοῖς.
1418 1637 1481 1688 τίς
1508 1635 1590 1694 γὰρ
1616 1634 1747 1687 οῦτως

288 1702 456 1758 ἠλίθιος
483 1705 556 1746 καί
591 1707 724 1765 μανία
756 1705 945 1756 σύνοικος
981 1708 1127 1763 μακρᾷ
1156 1703 1262 1748 ὥστε
1289 1704 1525 1760 κτισμάτων
1556 1703 1748 1762 ἀοράτων
1784 1694 1799 1707 ’

291 1766 433 1822 ὄντων,
464 1769 649 1827 ἀγγέλων
679 1773 791 1829 φημὶ
819 1771 892 1815 καί
921 1773 1077 1826 ψυχῶν
1102 1771 1176 1815 καί
1205 1771 1430 1827 δαιμόνων,
1460 1772 1595 1829 λέγειν
1615 1770 1745 1816 ἔπειτ’

385 1895 440 1930 10.
469 1897 505 1931 εἰ
525 1895 631 1934 τοῦτο
656 1895 699 1934 ἓν
724 1895 765 1932 C.

288 2015 392 2060 plura
416 2026 483 2050 nec
507 2022 649 2061 praeter
676 2017 890 2059 trinitatem3
916 2017 1042 2051 deinde
1070 2015 1186 2051 lucem
1211 2016 1431 2052 revelantem
1457 2015 1558 2051 nullo
1583 2016 1655 2052 alio
1681 2017 1743 2052 in-

287 2063 518 2106 tercedente3
554 2069 588 2098 et
621 2075 742 2099 rursus
784 2075 889 2099 unum
923 2065 1025 2098 deum
1053 2074 1132 2099 esse
1157 2064 1288 2109 quippe
1316 2074 1419 2098 unam
1444 2065 1623 2107 deitatem,
1651 2075 1742 2099 eon-

289 2115 494 2155 santaneum
529 2117 644 2146 autem
678 2122 758 2147 esse
790 2123 897 2147 unum
924 2112 1071 2146 adorare
1097 2112 1223 2154 deum,
1260 2111 1320 2145 ubi
1359 2112 1506 2155 primum
1533 2112 1744 2146 convenerit

286 2167 391 2191 unam
418 2168 498 2192 esse
522 2159 700 2194 deitatem.
725 2160 796 2193 nisi
820 2160 897 2204 quia
918 2170 1022 2204 quum
1045 2159 1159 2193 surdis
1175 2158 1317 2192 auribus
1341 2159 1389 2193 ait
1403 2159 1480 2203 ipse
1498 2163 1537 2193 ut
1554 2158 1742 2194 ludibrium

288 2210 324 2238 et
347 2205 535 2239 ridiculum
561 2217 601 2241 ae
625 2207 765 2241 tradere
790 2207 879 2241 velit
905 2207 1013 2241 totius
1042 2206 1110 2241 sori
1136 2206 1306 2240 irrisioni.

421 2270 518 2313 Quae
546 2271 576 2304 si
603 2281 774 2306 concessa
800 2276 914 2313 erunt,
940 2271 1067 2305 deinde
1085 2271 1228 2316 dignum
1245 2270 1288 2304 de
1314 2279 1384 2315 quo
1409 2279 1631 2315 quaeramus,
1656 2279 1738 2303 num

287 2317 430 2351 divinae
470 2318 647 2352 ecclesiae
683 2319 809 2363 dogma
847 2318 1029 2363 vulgatum
1067 2324 1307 2352 transcurrere
1347 2319 1511 2362 tanquam
1552 2317 1588 2351 in
1622 2321 1743 2351 moute

287 2365 435 2408 positam
462 2364 663 2408 lucernam,
694 2371 729 2400 et
753 2366 881 2400 deinde
911 2366 1032 2399 dicere
1068 2365 1176 2399 liceat
1201 2365 1298 2398 cerni
1323 2373 1430 2408 posse
1463 2374 1566 2398 unam
1591 2364 1683 2398 hane
1708 2368 1743 2398 et

288 2410 399 2446 solam
424 2413 614 2447 increatam
640 2413 821 2447 deitatem.
869 2413 899 2447 si
931 2412 1020 2446 haec
1054 2423 1123 2447 una
1157 2411 1218 2446 lux
1248 2411 1311 2445 illa
1335 2421 1475 2455 semper
1508 2411 1653 2454 lucem,
1682 2411 1742 2445 in..

288 2459 523 2502 accessibilis,
550 2461 765 2505 sempiterna
791 2465 869 2495 eata
897 2460 1116 2505 dogma.hoc
1137 2458 1312 2493 ecclesiae
1336 2458 1517 2503 vulgatum
1547 2464 1600 2492 est
1626 2458 1742 2492 idem-

289 2516 358 2550 que
382 2517 403 2540 a
431 2507 498 2541 deo
524 2513 647 2542 nostro
678 2514 713 2543 et
745 2507 923 2542 salvatore
961 2508 1041 2542 lesu
1067 2507 1208 2543 Christo
1247 2506 1394 2551 eiusque
1419 2505 1604 2550 discipulis
1638 2505 1741 2540 nebia

287 2554 466 2596 traditum,
493 2554 594 2588 deum
620 2566 770 2590 eernere
799 2565 905 2599 posse
930 2555 1105 2589 neminem
1131 2554 1200 2588 nisi
1234 2552 1403 2596 symbolis
1431 2558 1467 2587 et
1490 2553 1584 2597 typis
1609 2562 1742 2596 eorpo-

285 2601 371 2636 reis.
418 2611 523 2635 nemo
556 2602 648 2635 enim
673 2604 799 2648 inquit,
824 2603 925 2636 deum
952 2602 1053 2644 vidit,
1085 2611 1202 2646 neque
1226 2605 1345 2644 potest
1369 2601 1552 2645 quisquam
1578 2609 1655 2634 eum
1681 2600 1742 2633 vi-

285 2647 383 2682 dere,
449 2649 542 2694 quod
565 2650 726 2685 dominus
762 2651 840 2694 ipae
877 2649 1110 2693 proclamavit
1144 2653 1179 2682 et
1211 2648 1393 2682 confirmat
1419 2658 1539 2682 rursus
1565 2646 1617 2682 St.
1645 2645 1741 2681 Pau-

254 2694 341 2728 lus
368 2696 427 2751 qui
461 2696 569 2730 dicit:
610 2697 662 2731 “si
697 2698 776 2743 quis
809 2696 913 2732 vobis
955 2695 1260 2740 evangelicaverit
1300 2699 1442 2739 praeter
1479 2695 1514 2729 id
1552 2690 1646 2747 quod
1675 2703 1741 2728 ae-

283 2742 450 2786 cepistis,
479 2744 664 2778 anathema
689 2744 775 2779 sit?
839 2744 926 2779 dicit
963 2748 1081 2778 autem
1114 2743 1179 2777 ille
1217 2743 1304 2786 ipsis
1339 2741 1394 2776 his
1430 2741 1550 2779 verbio
1582 2740 1741 2775 adoran-

282 2789 359 2823 dam
391 2800 471 2825 esse
507 2791 699 2826 increatam
732 2791 898 2826 deitatem
933 2795 969 2825 et
1002 2790 1118 2825 lucem
1160 2800 1264 2825 unam
1301 2789 1338 2824 in
1378 2790 1482 2826 trinis
1520 2788 1739 2831 substantiis,
