1826 3120
220 185 314 232 108
347 229 356 234 ,
613 188 911 233 NICEPHORI
955 151 1260 231 GREGORAE

216 297 368 375 καρδίᾳ
409 294 588 350 τάνδρὸς
617 294 1055 350 ἓντεθησαυρισμένας
1089 297 1308 349 δυσσεβεῖς
1348 299 1446 351 περὶ
1473 298 1579 340 θεοῦ
1607 298 1681 342 καὶ

217 365 300 406 ταῖν
326 365 474 408 θείων
496 361 716 416 δογμάτων
752 360 913 410 ἐννοίας
949 361 1019 403 καί
1058 361 1151 412 τοὺς
1180 363 1253 417 τῆς
1295 362 1496 414 α’πονοιάς
1523 365 1679 422 ἐκείνης

216 429 467 485 γεννήτορας
494 429 668 484 τύφους.

129 511 202 548 42
339 492 428 538 Ἔτι
460 513 526 538 και
554 497 674 538 τοῦτο
705 492 936 549 προσθήσω
963 501 1052 546 τοῖς
1082 497 1327 551 εἰρημένοις,
1360 495 1592 540 α’κόλουθον
1620 499 1679 548 εις

218 564 483 617 παράστασιν
513 565 587 616 τῆς
613 560 780 617 γνώμης
808 562 1005 616 ὑπάρχον
1035 580 1102 605 και
1123 565 1248 605 τοῦτο
1271 563 1454 618 τάνδρός.
1513 563 1602 607 ἔστι
1632 565 1712 608 δὲὸ

218 632 301 671 τῶν
329 632 490 671 πολλῶν
532 631 575 671 ἓν
618 627 645 670 ἃ
676 630 825 685 φειδοῖ
845 627 1091 683 παρῆκαμεν
1123 632 1273 672 αὐτοῦ.
1351 630 1511 687 Εἰρήνη
1543 630 1625 687 γὰρ
1655 631 1680 686 ἦ

216 697 387 749 βασιλίς
416 697 487 737 καί
515 694 695 749 σύζυγος
727 695 1047 746 αὐτοῦ”πολλοὶς
1090 696 1435 751 ἐπήνεγκεν-ἐμοί
1461 698 1682 752 παρακλή-

217 778 318 812 σεις,
347 761 676 816 εὔχαριστήριον
708 763 765 811 ὥς
794 765 837 815 ἐξ
867 763 998 818 αὐτῆς
1039 765 1226 805 ἐκθεῖναι
1254 765 1371 818 λόγον
1402 767 1454 822 τῇ
1486 762 1681 843 πανᾰγνῳ

216 845 342 883 μητρι
372 831 448 871 τοῦ
482 830 601 880 θεοῦ,
628 826 700 871 ἅτε
727 846 800 884 την
828 831 951 885 σφῶν
974 827 1197 885 βασιλικὴν
1228 831 1270 879 ἐς
1301 831 1535 882 Βυζάντιον
1566 829 1682 874 εἴσο-

218 895 292 936 δον
318 894 389 936 καί
415 896 531 949 λῆξιν
562 898 635 949 τῆς
664 896 929 938 ἐπικινδύνου
960 898 1034 938 καί
1059 899 1227 951 μακρᾶς
1262 899 1421 952 ἐκείνης
1452 895 1609 954 πλάνης
1634 896 1682 940 ἐν
1698 904 1741 940 10

216 960 358 1019 μνήμῃ
386 964 467 1019 μιᾷ
495 963 587 1004 τῶν
617 959 747 1018 αὐτῆς
784 959 937 1017 ἑορτῶν
978 966 1226 1018 γενομένην,
1271 963 1344 1006 καί
1381 965 1458 1009 οιῗκ
1504 959 1683 1006 azzo-*hv
1735 1016 1743 1025 Ι

219 1044 327 1070 ειναι
359 1026 576 1082 ομολογεΐν
605 1046 775 1084 ταυτηνι
805 1028 878 1083 τὴν
908 1031 1151 1083 ἐπικουρίαν
1179 1029 1287 1084 πλὴν
1316 1030 1460 1084 αὐτῆς.
1520 1035 1685 1086 φιλοτι-

219 1094 397 1149 μότερον
428 1097 565 1137 τοίνυν
595 1097 702 1146 ἐμοῦ
727 1098 796 1138 τὸν
827 1099 1017 1139 τοιοῦτον
1047 1097 1324 1147 ἐκδεδωκότος
1361 1095 1484 1151 λόγον
1510 1094 1580 1139 διὰ
1611 1096 1686 1151 τήν

223 1162 296 1216 τῆς
324 1163 542 1215 βασιλίδος
574 1161 746 1219 ἔφεσιν,
777 1162 902 1243 αυτὸς
934 1163 1196 1215 θεασάμενος
1237 1165 1332 1206 α’ντί
1359 1165 1437 1206 τοῦ
1469 1159 1686 1219 ἀγαπῆσαι

221 1228 424 1283 μεμίσηκε
442 1228 558 1282 μάλα
576 1245 614 1271 τι
634 1232 808 1283 μᾶλλον,
841 1226 901 1272 ὅτι
921 1248 979 1284 μη
1002 1233 1052 1287 τῇ
1074 1230 1212 1271 acro&
1235 1234 1400 1273 συνέσει
1420 1247 1488 1272 και
1506 1247 1687 1285 στρατη·
1701 1236 1744 1271 15

223 1294 293 1352 γίᾳ
322 1297 399 1336 τοῦ
415 1311 642 1375 ἱ,τροτιοιιου
673 1295 720 1338 τὸ
754 1300 836 1339 πᾶν
865 1298 1059 1351 α’νηπτεν,
1091 1296 1196 1338 ἀλλά
1231 1299 1280 1355 τῇ
1308 1299 1438 1352 μητρί
1464 1298 1538 1339 τοῦ
1567 1297 1688 1350 θεοῦ,

222 1357 362 1414 ω’σπερ
395 1354 447 1401 ἂν
476 1377 511 1402 ει
541 1361 686 1415 νεκρὸν
706 1360 951 1416 υπάρχοντα
975 1363 1183 1415 κεκόμικε,
1214 1362 1355 1419 φησίν,
1389 1362 1520 1405 αυτὸν
1551 1363 1686 1418 ἐκείνη

220 1441 327 1480 μετα
362 1430 528 1478 ’ξυλίνου
560 1428 667 1477 τινός
709 1428 967 1483 κραββάτου.
1026 1426 1132 1483 πρὸς
1175 1431 1291 1471 ταῦτ’
1324 1428 1403 1482 ἐγώ
1434 1431 1514 1481 μὲν
1546 1430 1690 1481 ἐξεπε-

229 1491 434 1548 πλῆγμην,
457 1495 530 1535 καί
556 1493 630 1549 τήν
659 1496 792 1536 αὐτοῦ
822 1496 911 1536 κατ’
941 1494 1125 1548 ἐμαυτὸν
1145 1494 1400 1551 κακοήθειαν
1419 1493 1690 1550 ἐμεμψάμην·

227 1558 253 1612 ἡ
286 1561 331 1601 δὲ
360 1559 527 1613 βασιλίς
557 1560 714 1617 Εἰρήνη
744 1561 882 1615 λόγοις
921 1565 999 1615 μὲν
1026 1563 1320 1618 σκληροτέροις
1362 1568 1446 1611 τοῖς
1472 1561 1578 1616 πρὸς
1608 1562 1749 1605 ond-20

228 1626 326 1679 τόν,
366 1626 504 1682 ἔργοις
554 1629 600 1669 δὲ
639 1634 725 1677 τοῖς
766 1630 916 1684 ἐφεξῆς
958 1627 1108 1685 ἔφηνεν
1154 1626 1251 1671 ὅσον
1280 1631 1354 1684 τῆς
1393 1628 1592 1684 εὐηθείας
1621 1631 1695 1670 καί

230 1692 335 1749 αὕτη
367 1695 443 1736 τοῦ
472 1692 656 1749 συζύγου
687 1697 884 1749 κατέγνω.
945 1696 1017 1738 διὰ
1046 1693 1127 1751 γάρ
1157 1693 1338 1751 μεγᾶλης
1369 1693 1527 1750 ἔχουσα
1557 1709 1693 1738 σπου-

231 1761 303 1816 δῆς
332 1761 531 1816 λαμπρὰν
561 1762 610 1819 τῇ
644 1762 825 1820 θεοτόκῳ
854 1762 928 1805 καί
968 1766 1177 1818 πολυτελῆ
1207 1762 1446 1819 πανήγυριν
1478 1757 1693 1818 ἑορτάζειν

237 1953 304 1986 deo
334 1957 370 1986 et
393 1953 523 1986 divinis
557 1954 729 1997 dogmatis
762 1964 887 1988 sensus
919 1955 986 1987 iam
1029 1955 1087 1987 diu
1113 1954 1148 1987 in
1188 1954 1293 1987 corde
1318 1953 1387 1987 viri
1411 1953 1614 1989 reconditos
1639 1954 1695 1988 fa-

236 2004 410 2044 stumque,
437 1999 534 2034 illius
559 2001 757 2034 dementiae
783 2007 977 2045 parentem,
1005 2001 1208 2045 patefacere
1235 2011 1306 2034 non
1330 2001 1497 2034 cessavit.

368 2063 482 2098 Etiam
511 2063 579 2098 hoc
603 2065 750 2107 addam,
786 2065 878 2109 quod
903 2065 987 2098 item
1014 2066 1055 2099 ad
1083 2065 1234 2098 hominis
1269 2064 1453 2098 consiiium
1483 2074 1696 2108 repraesen-

235 2111 376 2144 tandum
404 2111 571 2154 pertinet.
624 2117 677 2145 est
704 2122 791 2157 vero
819 2123 923 2145 unum
951 2123 970 2145 e
989 2112 1128 2153 multis,
1149 2122 1239 2156 quae
1265 2113 1297 2145 ei
1320 2118 1506 2155 parcentes
1532 2116 1696 2155 praeter.-

234 2159 405 2192 misimus.
455 2158 558 2192 lrene
598 2160 689 2192 enim
727 2160 933 2203 imperatrix
974 2160 1121 2204 eiusque
1149 2168 1238 2192 uxor
1270 2159 1397 2192 multas
1431 2158 1515 2191 mihi
1542 2158 1698 2192 admovit

235 2204 511 2246 adhortationes,
539 2210 577 2238 ut
604 2216 647 2239 ex
674 2206 748 2245 eius
786 2216 937 2250 persona
963 2207 1151 2251 gratiarum
1176 2207 1348 2239 actionem
1376 2206 1592 2239 castissimae
1619 2215 1697 2239 ma-

235 2252 279 2286 tri
307 2252 365 2285 dei
391 2252 544 2294 ederem,
572 2254 703 2297 quippe
731 2254 824 2298 quod
849 2255 1096 2297 imperatorius
1123 2254 1286 2286 introitus
1312 2253 1521 2296 Byzantium
1550 2253 1698 2296 pericu..

233 2299 379 2343 losique
404 2309 446 2332 ac
471 2298 570 2344 longi
598 2301 729 2334 erroris
755 2301 834 2335 finis
860 2302 1027 2334 memoria
1058 2302 1162 2334 unius
1189 2311 1233 2333 ex
1270 2301 1369 2333 festis
1394 2301 1430 2333 in
1456 2299 1554 2334 illius
1580 2299 1697 2333 hono..

234 2356 308 2381 rem
335 2345 528 2380 celebratis
567 2347 678 2381 factus
720 2353 825 2381 esset.
877 2348 1047 2381 auxilium
1085 2357 1172 2381 vero
1198 2348 1267 2380 nisi
1307 2347 1351 2380 ab
1388 2357 1429 2380 ea
1454 2357 1526 2380 non
1551 2346 1697 2380 allatum

238 2403 316 2427 esse
342 2402 414 2426 non
441 2394 556 2438 pntuit
578 2405 649 2427 non
675 2396 711 2428 in
740 2395 907 2428 confesso
936 2406 1025 2429 esse.
1056 2394 1253 2428 huiusmodi
1279 2395 1473 2428 orationem
1497 2404 1603 2438 quum
1628 2403 1696 2439 ego
1756 2414 1759 2415 ν

237 2440 431 2476 studiosius
464 2443 740 2484 composuissem
778 2442 953 2476 voluntati
993 2442 1227 2486 imperatricis
1263 2441 1474 2483 obsecutus,
1508 2442 1698 2484 imperator

239 2498 314 2522 eam
351 2489 574 2532 conspicatus
612 2499 676 2533 pro
709 2499 829 2523 amore
867 2490 1031 2534 concepit
1065 2490 1201 2530 odium,
1240 2489 1332 2532 quod
1362 2489 1524 2522 nimirum
1557 2498 1629 2522 non
1655 2488 1698 2522 ad

237 2545 334 2570 suam
360 2536 580 2578 prudentiam
616 2542 722 2581 atque
758 2536 925 2570 bellicam
957 2537 1119 2580 peritiam
1156 2536 1306 2570 victoria
1342 2541 1414 2568 tota
1451 2535 1563 2569 relata
1589 2539 1698 2576 esset,

237 2582 299 2618 sed
324 2583 366 2615 ad
392 2588 535 2616 matrem
562 2583 633 2625 dei,
661 2584 762 2628 quasi
787 2593 914 2627 corpus
940 2590 1112 2617 mortuum
1139 2583 1260 2628 ligneo
1299 2583 1434 2616 cuidam
1472 2583 1605 2616 feretro
1628 2583 1698 2615 im-

236 2630 387 2674 positum
413 2631 649 2673 importasset.
714 2630 778 2664 hac
820 2642 860 2664 re
905 2632 1064 2675 equidem
1099 2630 1284 2674 perculsus
1322 2631 1353 2663 ei
1379 2629 1635 2674 malignitatem
1661 2629 1697 2661 in

236 2688 291 2711 me
321 2677 558 2721 opprobravi;
586 2678 790 2721 imperatrix
815 2683 930 2712 autem
966 2679 1070 2712 Irene
1098 2683 1133 2711 et
1158 2677 1278 2712 verbis
1306 2677 1547 2720 asperioribus
1572 2681 1607 2709 et
1632 2676 1699 2709 de..

237 2724 319 2758 inde
347 2724 454 2758 rebus
484 2725 649 2767 ostendit,
679 2732 830 2770 quantae
856 2726 1036 2770 nequitiae
1059 2726 1135 2769 ipsa
1159 2725 1320 2758 maritum
1346 2729 1524 2768 argueret.
1575 2733 1699 2768 quam..

237 2780 339 2818 quam
363 2772 455 2805 enim
480 2782 609 2816 magno
638 2773 754 2807 studio
780 2773 953 2816 Deiparae
991 2772 1210 2817 splendidum
1245 2777 1349 2817 atque
1375 2776 1613 2815 sumptuosum
1642 2770 1699 2804 fe-
