1786 3138
197 375 205 382 '
246 374 334 418 ’τος
361 365 436 422 τὴν
470 368 542 421 τῆς
584 366 882 423 μητροπόλεως
921 367 1077 422 ἐκείνης
1128 364 1357 422 μετάθεσιν
1396 366 1420 410 ὅ
1461 368 1747 425 Θεόγνωστος·

179 1047 251 1081 81

101 1757 211 1806 mse
224 1779 256 1804 a.

486 177 544 186 ‚va-

270 185 385 234 5'16‘2
544 187 549 194 “
640 179 986 238 *Rimmon
1010 153 1342 240 annonam*
1491 175 1561 232 '42³²
1597 198 1603 215 ‘

269 298 397 351 οὕτως
429 299 621 353 ἐχόντων,
654 299 838 356 ἀκριβῶς
867 299 944 355 μὲν
973 299 1045 342 οὐκ
1073 299 1159 353 ἔχω
1189 299 1324 357 λέγειν
1354 298 1724 360 εἶτ’·αὖτὸςπρῶ-

269 432 435 475 οἴκοθεν
464 438 697 488 πέπραχεν,
729 431 810 475 εἴτε
830 434 1109 489 καθεστηκότι
1137 435 1210 476 καί
1237 433 1362 486 αὗτὸς
1390 436 1602 492 ἐχρήσατο
1629 436 1726 477 ἒπε-

267 497 464 554 ληλυθώς
489 499 551 554 τῷ
580 498 824 554 πράγματι·
886 496 1024 557 ᾤκησε
1065 502 1103 542 δ’
1136 497 1208 542 οὖν
1249 498 1363 555 ὅμως
1400 501 1473 544 καὶ
1502 500 1627 552 αὐτὸς
1657 499 1728 542 ἐπὶ

268 568 341 620 τῆς
372 564 671 620 μητροπόλεως
700 566 773 608 καί
803 568 875 621 τῆς
904 567 1113 623 ἐπαρχίας
1139 567 1309 622 ἐκείνης,
1339 566 1368 622 ἢ
1396 567 1524 624 μέρος
1551 568 1625 624 τῆς
1650 576 1762 621 ‚ue-45

270 633 399 687 γάλης
427 632 516 674 ἐστὶ
541 630 733 683 Ῥωσίας,
765 628 813 688 ἧς
844 631 867 675 ὅ
909 631 1084 688 εὐσεβὴς
1113 635 1266 684 ἐκεῖνος
1315 633 1390 691 ῥὴξ
1418 633 1594 694 ἡγεμών.
1612 633 1728 689 ἐτύγ-

269 714 400 752 χανεν
432 696 501 749 ὤν,
532 698 605 740 καί
633 695 684 753 ἦν
716 700 882 755 ἐπιεικῆ
916 701 1010 754 βίον
1043 698 1155 757 ἄγων
1181 702 1287 752 ἐκεῖ,
1328 702 1615 744 καὶτοιοῦτον
1643 695 1729 742 οἷον

274 764 382 816 εἰκὸς
411 765 623 822 ἑπισκόπῳ
653 769 853 822 θεοφιλεῖ
877 767 1048 822 διάγειν,
1077 768 1307 822 μονονουχὶ
1333 769 1498 823 βοῶντα
1524 765 1598 823 τὴν
1628 757 1740 824 ἀρε--

269 832 343 888 τὴν
373 831 552 874 αὐτόθεν
579 834 655 887 τῆς
679 834 754 875 τοῦ
780 835 877 887 βίου
910 833 1168 889 σεμνότητος,
1185 834 1258 877 καί
1286 835 1522 890 κοσμοῦντα
1549 833 1628 889 μὲν
1654 832 1728 889 τὴν

270 899 488 953 εὐσέβειαν
512 901 747 953 κοσμοῦντα
778 900 824 941 δὲ
852 899 925 954 τὴν
951 900 1235 956 μεγαλόπολιν
1261 901 1425 957 ταύτην,
1457 902 1500 952 ἐξ
1524 895 1574 956 ἧς
1604 897 1759 949 αὖτὸςῑ

269 965 353 1023 ἔφυ
383 981 427 1007 τε
460 964 533 1007 >coit
559 965 809 1022 τέθραπται,
840 966 912 1009 καί
939 964 967 1022 ἢ
990 968 1133 1009 τοῦτον
1163 968 1299 1010 ἐκεῖσε
1324 971 1594 1024 πεπομφέναι
1619 982 1732 1029 προ-θ

269 1033 412 1076 είλετο.
470 1029 527 1081 ὥς
554 1032 627 1073 καί
653 1030 734 1073 ὗπὸ
765 1034 838 1087 τῆς
863 1032 1056 1088 τοιαύτης
1097 1035 1171 1076 τοῦ
1202 1031 1353 1090 ἀνδρὸς
1383 1033 1533 1090 οἷρετῆς
1562 1031 1748 1089 αὖθόρ-’

267 1115 393 1155 μητοι
422 1098 570 1148 πάντες
598 1100 673 1140 τοῦ
704 1097 854 1149 ἔθνους
882 1099 1040 1142 ἐκείνου
1075 1097 1224 1156 ἄνδρες
1258 1115 1303 1142 τε
1336 1099 1410 1142 καὶ
1432 1104 1625 1155 γυναῖκες
1654 1099 1727 1141 καί

267 1165 355 1207 νέοι
381 1164 454 1207 καὶ
482 1164 671 1221 γέροντες
719 1163 824 1221 πρὸς
860 1164 933 1207 τὸν
972 1167 1048 1207 τοῦ
1076 1167 1208 1208 καλοῦ
1233 1168 1356 1221 ζῆλον
1384 1165 1623 1222 ἠγείροντο,
1653 1166 1739 1208 καί.

270 1231 395 1273 πλέον
425 1230 562 1272 αὐτῶν
591 1230 628 1273 οἱ
669 1230 825 1273 τούτων
865 1230 1093 1287 ἦγεμόνες,
1136 1233 1178 1284 ἐξ
1211 1226 1267 1274 ὧν
1308 1232 1381 1275 καὶ
1418 1233 1758 1286 ἐς>Βυζάντιον1

265 1297 466 1353 χρήματα
511 1297 806 1353 ἀπεστάλησαν
852 1297 1103 1355 ἀποχρῶντα
1139 1297 1245 1355 πρὸς
1283 1299 1526 1353 οἰκοδομίαν
1551 1301 1625 1341 τοῦ
1650 1313 1726 1340 πε-

271 1364 480 1413 πτωκότος
508 1365 734 1419 τηνικαῦτα
763 1365 923 1420 μέρους
946 1366 1020 1406 τοῦ
1050 1365 1252 1421 μεγίστου
1292 1363 1372 1408 νεώ
1397 1366 1473 1420 τῆς
1503 1363 1626 1421 ἅγίας
1652 1366 1727 1408 τοῦ

270 1431 374 1471 θεοῦ
403 1429 576 1486 σοφίας·
635 1430 734 1486 περὶ
773 1425 830 1473 ὧν
862 1431 940 1473 κάν
977 1433 1040 1488 τῷ
1083 1432 1144 1487 κη’
1169 1433 1243 1487 τῆς
1274 1431 1461 1488 ἱστορίας
1485 1430 1592 1488 λόγῳ
1623 1431 1727 1474 διεί-

269 1496 429 1551 ληπταί
448 1512 524 1550 μοι
553 1497 606 1538 τά
639 1512 683 1539 τε
710 1494 829 1548 ἄλλα,
858 1498 931 1540 καί
963 1496 1019 1549 ὥς
1048 1500 1186 1549 καλῶς
1204 1498 1283 1552 μὲν
1311 1499 1474 1540 ἐκεῖθεν
1502 1497 1727 1554 ἐπέμφθη-

272 1578 363 1613 σαν,
396 1561 443 1604 οὖ
473 1564 612 1612 καλῶς
644 1564 682 1604 δ’
714 1559 797 1605 οὔτ’
827 1565 1031 1606 ἐνταυθοῖ
1063 1564 1333 1621 διῳκήθησαν
1367 1560 1451 1605 οὔτ’
1494 1560 1759 1618 ἐκεῖσειτὴνςξ

274 1629 417 1685 φήμην
448 1628 569 1679 ἀξίαν
597 1633 683 1679 τοῖς
714 1630 987 1687 πεπομφόσιν
1018 1629 1410 1687 οἷντιπεπόμφασιν,
1456 1629 1544 1671 ἀλλ’
1576 1630 1636 1679 εἷς
1665 1630 1727 1671 οἷ-

270 1698 380 1736 κεῖον
413 1691 546 1751 ἄχαρι
575 1694 724 1751 κέρδος
751 1696 1128 1751 βωμολοχήσαντες
1172 1695 1246 1738 καὶ
1270 1695 1523 1751 νειμάμενοι,
1553 1694 1727 1752 πρόφα-

272 1776 338 1802 σιν
371 1761 582 1807 δεδώκασι
619 1765 706 1811 τοῖς
752 1761 976 1804 ἀκούουσιν
1025 1761 1211 1819 αἰσχρὰν
1247 1762 1403 1818 κομιδῇ
1443 1762 1517 1805 καί
1555 1761 1726 1820 σφόδρα

269 1828 484 1885 λοιδορίας
518 1828 686 1879 ἁπάσας
722 1830 1116 1886 προσκαλουμένην,
1152 1829 1225 1872 καί
1254 1827 1452 1872 τάναντία
1482 1827 1727 1885 λογιζέσθω

271 2036 361 2073 quae
399 2036 504 2072 quum
539 2027 589 2062 ita
623 2032 728 2071 sunt,
753 2038 825 2062 non
859 2038 1003 2073 possum
1036 2037 1101 2072 pro
1138 2032 1236 2062 certo
1270 2027 1416 2070 dicere,
1443 2030 1558 2061 utrum
1594 2025 1725 2070 primus

270 2076 498 2121 mutationem
538 2075 636 2110 illius
672 2075 918 2120 metropoleos
951 2076 1111 2109 effecerit
1142 2077 1220 2120 ipse
1252 2074 1517 2119 Theognostus,
1551 2083 1596 2107 an
1620 2073 1726 2107 rebus

270 2123 338 2155 iam
366 2123 566 2156 constitutis
591 2133 675 2156 usus
702 2124 758 2157 sit.
810 2128 963 2157 attamen
997 2123 1074 2166 ipse
1099 2123 1136 2156 in
1169 2121 1358 2166 metropoli
1383 2121 1556 2155 habitabit
1581 2124 1615 2153 et
1639 2129 1726 2164 pro-

270 2170 389 2203 vincia
414 2169 490 2212 illa,
523 2180 613 2214 quae
646 2181 793 2215 magnae
819 2170 968 2204 Russiae
1003 2180 1083 2213 pars
1119 2175 1195 2212 est,
1229 2170 1327 2211 cuius
1364 2169 1444 2212 pius
1471 2167 1537 2202 ille
1559 2176 1624 2201 rex
1641 2171 1727 2214 ‚erat

269 2216 478 2250 dominator.
531 2222 566 2250 et
593 2218 717 2250 iustam
748 2218 855 2251 vitam
894 2218 967 2260 egit
1001 2222 1037 2250 et
1063 2216 1202 2260 qualem
1233 2217 1365 2260 degere
1398 2216 1493 2259 pium
1521 2214 1726 2258 episcopum

269 2263 383 2297 decet.
414 2264 640 2307 praedicabat
666 2265 832 2298 virtutem
848 2269 990 2298 sanctae
1016 2264 1112 2298 vitae
1140 2269 1175 2297 et
1201 2263 1342 2297 ornavit
1365 2262 1591 2306 religionem,
1617 2270 1725 2295 orna-

267 2311 320 2344 vit
344 2310 434 2343 hanc
457 2310 734 2355 Megalopolim,
768 2322 836 2355 qua
871 2317 968 2345 ortus
1009 2316 1084 2344 erat
1111 2315 1146 2344 et
1167 2311 1332 2344 educatus
1366 2314 1401 2342 et
1433 2318 1523 2353 quae
1548 2307 1618 2341 huc
1647 2318 1726 2341 eum
1785 2307 1786 2346 ἶ

267 2358 423 2391 miserat.
473 2358 593 2402 itaque
622 2369 641 2391 a
675 2358 756 2392 talis
782 2359 859 2392 viro
887 2358 1027 2392 virtutis
1065 2362 1192 2401 sponte
1229 2366 1350 2391 omnes
1387 2355 1483 2389 illius
1509 2354 1631 2399 populi
1656 2354 1727 2388 viri

269 2409 305 2437 et
328 2404 510 2446 mulieres,
537 2407 686 2439 iuvenes
714 2411 749 2438 et
769 2415 874 2439 senes
903 2406 945 2438 ad
970 2403 1111 2448 pulchri
1152 2404 1302 2438 studium
1328 2401 1628 2436 incitabanturet
1651 2400 1726 2434 illis

267 2452 378 2495 magis
405 2453 525 2493 duces,
554 2452 612 2496 qui
639 2451 849 2495 Byzantium
887 2451 1095 2495 permultam
1130 2451 1358 2495 pecuniarum
1397 2450 1534 2493 copiam
1559 2449 1728 2482 miserant
1785 2482 1786 2485 ,

268 2498 311 2530 ad
336 2499 598 2532 restaurandam
624 2500 816 2542 collapsam
855 2504 987 2542 partem
1014 2499 1126 2532 sancti
1164 2498 1305 2532 divinae
1338 2496 1494 2540 Sophiae
1519 2493 1655 2538 templi,
1682 2494 1726 2528 de

268 2544 395 2588 quibus
422 2546 458 2578 in
485 2546 655 2579 historiae
684 2546 774 2579 libro
800 2545 943 2580 XXVIII
975 2546 1047 2579 dixi
1074 2550 1260 2589 praeterea
1298 2543 1494 2577 honorifice
1531 2541 1616 2575 illos
1657 2541 1726 2574 mi-

267 2592 371 2633 sisse,
398 2592 459 2625 sed
485 2602 556 2625 non
586 2593 781 2626 honorifice
809 2592 951 2633 ibidem,
979 2602 1070 2636 quae
1099 2593 1205 2626 missa
1232 2596 1343 2634 erant,
1369 2589 1608 2624 administrata
1633 2598 1726 2630 esse,

265 2647 333 2670 nec
361 2639 451 2671 enim
480 2640 604 2672 iustam
629 2640 754 2672 famam
790 2639 1009 2673 mittentibus
1042 2639 1273 2680 remiserunt,
1311 2637 1374 2672 sed
1400 2635 1593 2670 domestico
1623 2644 1725 2668 com-

266 2685 369 2718 modo
404 2686 642 2719 sacrificantes
686 2691 720 2719 et
745 2686 977 2719 attribuentes
1016 2690 1051 2718 et
1084 2684 1305 2720 audientibus
1340 2684 1481 2717 omnino
1518 2687 1656 2725 turpem
1691 2685 1726 2714 et

266 2731 538 2774 ignominiosam
566 2742 704 2766 causam
730 2732 934 2766 obtulerunt
966 2737 1001 2766 et
1026 2733 1202 2766 contraria
1222 2732 1380 2776 cogitare
1407 2740 1469 2764 eos
1496 2739 1597 2774 quam
1622 2733 1726 2761 antea

268 2784 474 2824 coegerunt.
526 2789 594 2825 quo
623 2780 715 2814 enim
741 2780 961 2815 diviniorem>
982 2784 1086 2814 antea
1110 2779 1281 2815 honorem
1307 2774 1744 2822 Constantinopolitanae·
1783 2820 1786 2829 ,
