1826 3120
6 0 46 90 f
61 0 145 59 “’«..,·
164 10 166 12 ·

183 154 214 246 J
246 230 251 233 ,
296 193 597 239 nisromAE
626 192 974 238 mmmmm
991 177 1137 237 xx1x4‘
1154 178 1328 236 2-4.
1450 192 1547 238 225

26 300 28 303 ’
74 303 278 358 κερδᾶναι
305 304 382 346 τοῦ
415 303 569 358 θέρους
598 301 879 359 δεδύνηνται,
910 299 1002 345 ἄλλ’
1040 300 1210 355 ἔμειναν
1237 296 1364 351 αὖθις
1396 298 1551 355 σχεδὸν

12 408 21 412 -
77 366 260 419 ἅπαντες
283 358 467 424 ’στάχυες
497 369 707 426 δρεπάνης
738 368 958 426 ἀπρόσιτοι
988 366 1063 411 διά
1092 384 1137 412 τε
1163 365 1261 418 τούς
1283 371 1430 424 βαρεῖς
1454 368 1550 409 ε’πι-

13 428 26 444 ”
75 435 236 486 στοὶτας
268 437 343 478 καί
368 435 447 486 τὰς
474 435 818 491 ἄλλεπαλλήλους
857 434 1037 487 ε’ναλλὰξ
1080 438 1345 491 προλοχίσεις
1369 435 1444 477 καί
1475 431 1551 484 τὰς

25 504 28 507 ’
78 500 302 561 λῃστρικιὶς
345 503 528 563 ἐφόδους
563 507 647 546 τῶν
676 498 858 546 ἄλλοθεν
889 499 1028 546 ἄλλων
1065 502 1312 558 βαρβάρων.
1381 500 1448 544 διὰ
1480 503 1552 543 καί

39 567 170 613 5ὅσοι
206 569 436 624 Ῥωμαίων
477 572 639 614 ἐκεῖθεν
681 574 828 613 λαθεῖν
865 569 940 620 τὰς
980 568 1247 627 βαρβαρικάς
1278 569 1550 626 ἐδυνήθησαν

74 642 240 694 χεῖρας,
267 635 385 692 μάλα
416 638 668 691 προθύμους
702 636 901 694 φυγάδας
941 635 1122 688 ἑαυτούς
1149 638 1444 694 ἐπεπράχεσαν
1475 638 1552 692 τῆς

75 705 300 759 πατρίδος,
344 706 443 747 καθ’
474 701 677 759 ὁπότερον
709 707 795 747 τῶν
834 706 909 759 τῆς
949 706 1024 759 γῆς
1052 706 1194 759 μερῶν
1221 705 1265 747 ἐκ
1296 706 1372 747 τοῦ
1400 701 1552 761 ῥᾴονος

75 765 265 822 ἑκάστοις
304 771 584 826 συμπέπτωκε
623 769 821 829 φεύγειν,
866 772 1035 827 ἁπάσης
1071 773 1152 825 μὲν
1183 772 1400 827 ο’ρφανους
1444 772 1552 813 α’πο-

75 839 228 893 σκευῆς
264 838 335 880 καὶ
378 837 523 881 αύτῶν
560 854 605 893 γε
646 840 726 880 τῶν
757 840 1013 893 α’ναγκαίων,
1056 837 1255 894 δακρύων
1287 840 1333 880 δὲ
1377 840 1552 894 μακρῶν

18 917 63 953 10
76 903 276 962 α’φορμὴν
306 911 393 956 τοῖς
423 903 556 962 δρῶσι
586 908 951 959 καθισταμένους,
982 900 1042 948 ὧν
1068 913 1165 956 τοῖς
1183 910 1369 951 πλείοσιν
1397 906 1549 963 ἥκιστα

74 967 286 1027 εὔδρομον
315 975 371 1015 δι’
398 972 563 1016 ἔνδειαν
593 969 642 1016 ὃν
671 975 715 1016 ἐν
743 973 949 1031 ἀλλοτρίᾳ
978 975 1266 1029 διασπαρῆναι
1295 978 1359 1034 γῇ,
1393 979 1443 1033 τῇ
1460 979 1552 1018 Βυ-

78 1041 265 1093 ζαντίων
287 1042 456 1093 βέλτιον
486 1038 603 1093 ἔδοξε
633 1045 910 1096 παραμεῖναι.
971 1040 1043 1083 καί
1081 1039 1123 1082 οἳ
1150 1043 1229 1094 μὲν
1264 1044 1324 1092 εἰς
1355 1043 1601 1085 δουλειάν4

74 1107 161 1148 τῶν
199 1107 388 1149 ἐνταῦθα
427 1108 675 1160 δυναμένων
730 1103 911 1158 ἑαυτούς
956 1106 1364 1162 προσκεκυρώκεσαν
1416 1104 1550 1164 ἄρτου

73 1177 260 1229 βραχέος
291 1174 458 1231 εἵνεκα,
489 1175 533 1218 οἳ
561 1176 607 1217 δὲ
636 1176 708 1217 καί
736 1174 875 1230 πήραν
907 1172 1170 1229 ἐναψάμενοι
1191 1174 1265 1225 τὰς
1295 1174 1450 1232 α’γυιοὶς
1478 1191 1556 1218 πε-

18 1247 62 1287 15
76 1241 213 1295 ριίασι
235 1241 340 1284 κατὰ
372 1245 533 1298 πλῆθος
564 1248 718 1298 χεῖρας
749 1241 977 1298 ὀρέγοντες,
1022 1239 1150 1293 εἴτις
1180 1245 1316 1298 κέρμα
1348 1243 1421 1286 καί
1450 1243 1553 1298 ὀβο-

77 1307 147 1350 λὸν
175 1309 406 1363 ἐμβάλοιτο
450 1307 557 1365 πρὸς
587 1305 720 1365 ἄρτου
766 1308 990 1365 πορισμόν.
1061 1311 1121 1360 εἰς
1150 1309 1362 1367 τοσαύτην
1389 1327 1436 1365 γε
1464 1310 1552 1366 μὴν

77 1369 151 1431 ἧκε
184 1377 346 1427 δειλίαν
379 1376 432 1420 τὰ
477 1378 754 1432 Βυζαντίων,
799 1373 909 1420 ὥστε
947 1377 1019 1420 καί
1049 1375 1094 1420 εἴ
1126 1394 1189 1429 τις
1218 1380 1302 1421 τῶν
1333 1379 1549 1435 α’γοραίων

75 1443 343 1500 α’γριωτέραν
374 1444 591 1501 δήπουθεν
609 1445 703 1502 ἀφῇ
731 1444 878 1502 φωνήν
907 1447 963 1503 τῷ
990 1448 1116 1488 παιδί
1144 1444 1409 1502 ἐπιπλήττων
1436 1444 1552 1500 ἴσως,

76 1505 227 1567 ἢγυνὴ
259 1511 359 1562 τούς
391 1513 572 1563 οἰκείους
604 1513 930 1567 ἀνακαλουμένη
969 1513 1049 1556 σύν
1091 1514 1297 1570 δάκρυσιν
1327 1511 1553 1568 αἰχμαλώ-

19 1587 192 1632 Ξοτους,
225 1578 429 1623 τεθνάναι
461 1581 619 1636 μικροῦ
662 1583 719 1637 τῷ
751 1582 837 1624 δέει
876 1583 1102 1636 συμβαίνει
1135 1584 1278 1638 σφᾶς,
1309 1579 1354 1623 ἐν
1386 1580 1552 1641 ὑποψίᾳ

0 1677 1 1704 ᾗ
76 1649 322 1702 γινομένους
352 1647 488 1697 εὐθὺς
515 1645 574 1703 μὴ
606 1644 646 1689 οἷ
674 1646 887 1704 βάρβαροι
917 1646 1202 1703 εἰσεπήδησαν
1224 1649 1392 1703 τείχους
1419 1648 1551 1697 ἐντός.

81 1707 182 1756 ὅθεν
211 1712 466 1770 ὖπερορίους
503 1713 608 1757 ἔνιοι
636 1716 710 1756 καί
740 1715 882 1757 αὐτῶν
918 1716 1164 1771 περινοοῦσι
1195 1714 1338 1765 πόλεις
1377 1717 1452 1757 καί
1475 1714 1552 1771 νῆέ-

77 1796 195 1835 σους,
225 1779 309 1838 τήν
335 1780 579 1838 α’λλοδαπῆν
606 1783 689 1826 τῶν
719 1784 909 1838 πατρίων
938 1780 1289 1837 ἄνθαιρούμενοι.
1338 1779 1449 1825 οὕτω
1473 1798 1555 1837 με-

79 1849 231 1905 τέωροι
257 1848 468 1906 κάθηνται
497 1850 570 1893 καί
586 1851 879 1906 περοβημένοι,
910 1851 982 1892 καί
1009 1848 1081 1892 τὸν
1111 1851 1262 1892 οἰκεῖον
1292 1848 1442 1904 ἔχουσι
1470 1848 1550 1906 πρὸ

79 1917 320 1981 ᾄφθαλμῶν
350 1911 531 1974 ὄλεθρον
570 1918 661 1968 αἐί,
702 1918 773 1960 καί
817 1915 991 1971 μάλιστ’
1036 1912 1101 1958 ὅτι
1131 1918 1219 1958 -καί
1253 1916 1302 1959 τὰ
1352 1916 1556 1973 πρότριτα

80 2099 275 2141 potuerunt
306 2094 401 2138 frui,
437 2093 501 2130 sed
534 2095 662 2130 iterum
702 2093 820 2129 nullas
854 2093 930 2128 fere
966 2095 1083 2139 spicas
1118 2094 1294 2138 attingere
1329 2095 1446 2138 potuit
1471 2095 1557 2138 falx,

84 2149 232 2189 propter
260 2143 522 2188 praefectorum
549 2144 777 2178 severitatem
815 2148 850 2176 et
875 2142 1022 2176 insidias
1047 2142 1353 2186 frequentissimas
1381 2148 1416 2176 et
1441 2143 1558 2187 impe..

86 2196 144 2226 tus
170 2191 415 2236 praedatorios
441 2190 484 2225 ab
510 2191 593 2226 aliis
620 2190 764 2224 aliunde
790 2190 950 2224 barbaris
978 2190 1106 2223 factos.
1134 2199 1209 2222 eam
1230 2189 1276 2223 ob
1303 2200 1444 2223 causam
1471 2195 1559 2235 quot

84 2238 235 2273 Romani
261 2244 427 2283 poterant
452 2237 567 2272 latere
591 2249 715 2272 manus
741 2237 908 2272 barbaras
925 2262 936 2280 ‚
975 2238 1010 2271 in
1036 2236 1271 2271 voluntariam
1298 2248 1337 2270 se
1362 2243 1558 2271 converte-

19 2300 22 2301 ⁷
82 2285 168 2320 bant
194 2297 214 2320 e
241 2287 356 2331 patria
381 2286 522 2332 fugam3
560 2287 605 2319 iis
639 2291 755 2320 autem
795 2291 913 2319 terrae
939 2284 1124 2329 partibus,
1159 2284 1219 2318 ubi
1260 2285 1389 2329 cuique
1416 2285 1558 2319 facilius

86 2339 162 2368 erat
187 2334 341 2379 fugere,
374 2344 481 2380 quum
513 2339 634 2367 essent
668 2334 762 2367 omni
798 2338 968 2377 apparatu
996 2338 1030 2366 et
1068 2332 1146 2376 ipso
1175 2332 1273 2366 victu
1299 2332 1471 2366 destituti.
1523 2337 1559 2365 et

82 2381 250 2416 nonnulli
280 2382 446 2416 servituti
471 2382 713 2424 dominorum,
750 2382 809 2426 qui
843 2381 892 2414 ibi
920 2385 1039 2422 erant,
1074 2385 1187 2413 semet
1212 2380 1281 2423 ipsi
1307 2378 1559 2413 submittebant

84 2429 202 2463 tenuis
227 2429 328 2473 panis
356 2439 475 2463 causa.
525 2429 588 2463 alii
615 2440 702 2474 pera
726 2429 873 2473 alligata
900 2428 1036 2472 plateas
1071 2430 1289 2472 pei-migrant
1324 2428 1366 2461 ad
1392 2431 1558 2471 praeter..

86 2477 244 2519 euntium
270 2475 533 2510 multitudinem
571 2487 694 2510 manus
732 2476 985 2520 porrigentes,
1013 2475 1042 2509 si
1070 2475 1148 2519 quis
1174 2474 1324 2508 lamnam
1353 2480 1388 2507 et
1412 2473 1558 2507 obolum

84 2524 340 2558 adaemendum
368 2534 494 2568 panem
520 2525 699 2558 iniiceret.
758 2525 793 2557 in
821 2529 889 2557 tam
915 2523 1042 2556 malam
1078 2522 1317 2556 conditionem
1344 2521 1559 2555 incedebant

16 2577 17 2580 ’
82 2581 141 2617 res
166 2570 401 2615 Byzantinae,
426 2576 478 2614 ut,
503 2572 533 2606 si
561 2573 639 2616 quis
666 2572 880 2605 rusticorum
908 2570 1180 2604 vehementiore
1208 2570 1336 2603 emissa
1361 2579 1453 2603 voce
1480 2568 1558 2602 sor-

82 2622 180 2653 tasse
204 2618 457 2652 terrefaciebat
496 2618 667 2653 infantem
706 2619 765 2653 vel
804 2618 934 2652 mulier
960 2617 1162 2660 lacrymans
1198 2618 1313 2650 servis
1339 2615 1559 2650 acclamabat

82 2665 182 2700 bello
210 2666 343 2710 captis,
380 2665 457 2699 fere
485 2676 570 2710 prae
595 2667 724 2700 timore
759 2667 966 2707 interirent,
1004 2674 1146 2708 semper
1182 2665 1316 2706 veriti,
1353 2674 1399 2698 ne
1438 2673 1558 2697 muros

15 2724 18 2730 ·
82 2713 223 2748 barbari
247 2712 482 2747 transilirent.
544 2724 646 2758 quam
682 2714 727 2747 ob
753 2725 827 2747 rem
854 2723 976 2747 eorum
1002 2710 1167 2746 nonnulli
1194 2713 1237 2745 de
1268 2712 1426 2745 externis
1453 2711 1559 2756 cogi-

81 2765 157 2795 tant
182 2760 323 2806 oppidis
350 2765 386 2794 et
411 2760 539 2795 insulis
564 2762 701 2806 patriae
728 2762 953 2805 peregrinam
988 2759 1236 2804 praeferentes
1262 2764 1404 2793 terram.
1467 2759 1556 2792 adeo

80 2809 208 2845 timore
235 2818 277 2843 ac
302 2813 441 2843 terrore
476 2810 640 2855 suspensi
681 2814 763 2844 sunt
790 2814 825 2843 et
851 2818 991 2855 semper
1018 2812 1098 2842 ante
1134 2806 1260 2842 oculos
1297 2806 1430 2842 habent
1456 2815 1555 2842 suam

207 2872 424 2923 Nicephorus
451 2874 596 2921 (ἕτερον.
632 2873 704 2910 Vol.
734 2873 807 2910 111.
1248 2872 1290 2907 15
