1852 3138
109 1115 135 1151 f.
152 1115 218 1153 1⁷0
231 1127 267 1154 v.

285 138 391 188 «360
533 166 539 170 =
688 143 991 195 5N1CE1’110R1
1034 145 1264 189 GREGOR
1270 144 1341 190 AB

296 249 530 299 ου’σιαίδεις.
553 246 565 252 ⁹
587 252 719 306 ἐχρῆν
763 248 842 306 γάρ
874 251 987 308 αύτῷ
1013 249 1071 307 μὴ
1113 252 1366 305 α’νατρέπειν
1392 252 1488 303 τούς
1519 246 1646 309 ὅρους
1676 256 1750 299 καὶ

289 314 386 365 τούς
415 315 762 373 ἐπιστημονικοὺς
789 316 964 367 κανόνας
993 321 1069 359 τοῦ
1087 334 1132 360 τε
1157 319 1294 361 αἰτίου
1314 321 1388 362 καί
1414 321 1620 375 αἰτιατοῦ,
1647 323 1749 377 μηδ’

289 382 579 439 ἄντιστρέφειν
598 385 776 434 ἀμαθῶς
799 374 978 426 οὑτωσί·
1031 386 1103 427 ἐπὶ
1125 385 1202 439 γὰρ
1229 388 1309 428 τῶν
1334 388 1453 429 ι’δι’ων
1481 402 1524 430 τε
1549 390 1620 431 καί
1644 386 1748 432 ἴσων

289 445 481 503 ἀλλήλοις
502 448 551 491 τὰ
585 449 658 503 τῆς
673 450 954 506 α’ντιστροφῆς
981 457 1262 506 συγχωρεῖται
1279 487 1290 507 ,
1321 453 1378 503 ὥς
1406 455 1477 496 τοῦ
1499 455 1747 508 γελαστικοῦ

288 517 365 557 τοῦ
394 515 622 568 α’νθραὶπου
653 517 726 558 καί
745 518 821 558 τοῦ
846 520 1252 571 χρεμετιστικοῦιοῦ
1281 520 1424 574 ἵππου,
1452 523 1523 563 καί
1535 522 1615 575 ουἰι
1639 520 1779 566 ἔνθαό

286 580 330 624 τὸ
351 582 496 634 μεῖζόν
526 597 568 624 τε
598 583 671 625 καί
683 580 851 626 ἔλαττον
884 579 910 639 ἢ
939 582 1166 639 τὸπρῶτον
1197 588 1271 628 καί
1295 585 1486 642 δεύτερον
1505 591 1743 643 θεωρεῖται.

287 645 423 690 αἴτιον
438 646 519 703 γάρ
540 650 757 692 κάνταῦθα
776 652 849 692 καί
875 653 1055 705 πρῶτον,
1079 652 1163 707 οὐχ
1186 651 1242 702 ὥς
1263 653 1444 707 α’μαθαῖς
1470 651 1596 703 αὐτός
1624 670 1744 711 φησι,

287 711 393 755 διότι
423 712 585 768 α’μερής
609 715 631 770 ἦ
663 716 800 766 ου’σία,
831 716 899 759 διὰ
919 721 1039 760 τοῦτο
1057 718 1269 773 διαφοράς
1288 719 1362 760 οὐκ
1377 717 1468 774 ἔχει
1497 721 1744 770 ου’σιοόδεις·

287 779 392 821 α’λλὰ
411 780 671 835 τοιῖναντιόν,
701 783 741 825 εἰ
754 785 827 825 καί
845 785 966 826 τοῦτο
987 786 1079 840 δοιή
1099 801 1160 835 τις
1176 785 1384 839 ἐνταῦθα,
1411 786 1517 829 διότι
1534 777 1744 843 διαφοράς

286 845 362 886 οὐκ
393 844 481 900 ἔχει
510 847 747 903 ου’σιιόδεις,
775 849 846 892 διὰ
876 851 989 893 τοῦτ’
1018 850 1119 901 ἴσως
1143 853 1236 894 ἐστι’
1263 855 1335 894 καί
1360 853 1533 908 α’μερήςῑ
1589 855 1664 895 καί
1680 868 1742 896 τοι
1757 852 1800 888 10
1832 883 1845 912 f,

284 910 413 966 ἐχρῆν
438 912 660 957 κάνταῦθα
691 919 886 973 τεχνικῶς
917 918 1106 960 διελόντα
1143 919 1341 973 πρότερον
1371 921 1525 975 εἰπεῖν,
1560 923 1744 976 ’ποτέρας
1831 917 1842 930 ⁵

282 981 363 1021 τῶν
386 974 605 1024 οὖσιωδαῖν
630 984 850 1039 διαφορῶν
872 986 1056 1028 ἐνταῦθα
1082 984 1301 1040 λαμβάνει.
1323 985 1397 1036 τὰς
1411 988 1489 1039 μὲν
1516 985 1594 1041 γάρ
1612 1003 1743 1043 φασιν

283 1041 394 1087 εἶναι
424 1049 523 1088 καθ’
553 1043 603 1097 ἃς
635 1044 800 1092 ἄνωθεν
830 1050 944 1094 κάτω
972 1051 1022 1093 τὰ
1064 1055 1162 1109 γένη
1204 1054 1429 1108 διαιρεῖται
1461 1052 1521 1102 εἷς
1551 1051 1650 1108 εἴδη
1671 1056 1743 1095 καί

282 1114 413 1155 ταῦτα
443 1113 503 1163 εἷς
531 1109 692 1169 ἄτομα,
746 1111 770 1171 ἢ
807 1119 968 1171 μᾶλλον
1007 1119 1137 1161 εἰπεῖν
1167 1119 1218 1161 τοὶ
1259 1117 1336 1161 ὅλα
1375 1120 1435 1168 εἷς
1473 1122 1582 1176 μέρη
1624 1115 1741 1175 (ὅλον

281 1176 363 1233 γαρ
397 1175 609 1236 ἑκάτερον,
639 1182 686 1224 τό
719 1199 763 1224 τε
787 1186 901 1238 γένος
933 1183 1069 1226 ualui
1102 1181 1227 1240 εἶδος,
1255 1187 1326 1228 καί
1345 1182 1424 1228 ὅσα
1443 1180 1605 1228 οὗτωσῖ
1633 1185 1796 1239 πρὸς15

282 1240 389 1287 ἄλλα
426 1247 698 1305 διαιρεῖται),
729 1248 806 1298 τὰς
849 1251 1021 1292 δὲκαθ’
1068 1249 1118 1300 ἃς
1155 1250 1204 1294 τά
1241 1253 1512 1307 διαιρεθέντα
1551 1253 1740 1295 εἰδοποι-

281 1316 405 1353 εἴται.
466 1309 579 1365 ὅμως
599 1316 642 1364 ἐξ
662 1309 710 1371 ἧς
726 1316 919 1371 ἐπιφέρει
948 1320 1157 1372 γραφικῆς
1184 1322 1441 1373 μαρτυρίας,
1473 1319 1598 1372 δῆλον
1626 1318 1739 1367 ὅπως

281 1381 378 1420 ποτὲ
411 1380 485 1420 καί
506 1382 630 1422 τοῦτο
660 1388 787 1435 ποιεῖ,
807 1378 868 1424 ὁίι
896 1382 970 1432 τὰς
1000 1384 1261 1439 διαιρετικὰς
1284 1387 1356 1427 καί
1385 1381 1549 1427 ἄνωθεν
1579 1385 1624 1427 ἐκ
1654 1386 1736 1427 τῶν

281 1444 411 1500 φύσει
441 1449 659 1501 προτέρων
688 1449 747 1498 εἰς
776 1447 820 1491 τὸ
852 1449 967 1492 κάτω
1001 1452 1282 1505 μεριζομένας
1324 1453 1486 1506 πλῆθος
1527 1449 1736 1504 ὁμολογεῖ,

279 1505 391 1552 ἄκων
417 1514 497 1565 μὲν
537 1515 610 1555 καί
655 1515 838 1567 α’μαθαῖς
873 1514 976 1558 nurci
1005 1518 1048 1558 τό
1095 1516 1332 1571 αὐτόματον
1361 1520 1518 1571 εἰπεῖν,
1552 1524 1670 1561 ποιεῖ
1695 1519 1733 1560 δ’
1749 1525 1794 1561 20

279 1570 366 1618 οὖν.
443 1577 732 1634 πληθύνεσθαι
783 1581 865 1636 γὰρ
896 1582 939 1625 τό
970 1585 1045 1625 τοῦ
1088 1587 1206 1626 θειόυ
1240 1584 1393 1641 φάσκει
1426 1586 1631 1636 Μαξίμου
1661 1582 1733 1627 τόν

188 1657 265 1694 2ss
279 1642 378 1685 θεὸν
404 1643 448 1687 τὸ
478 1649 577 1687 καθ’
617 1647 787 1690 ἕκαστον
823 1650 883 1698 εἰς
913 1649 1167 1705 παραγωγῆν
1204 1652 1285 1693 τῶν
1317 1645 1448 1692 ὄντων
1483 1649 1735 1704 βουλήματα

275 1715 368 1759 ταῖς
411 1719 704 1768 προνοητικαῖς
745 1713 941 1770 προόδοις
980 1715 1479 1771 πολλαπλασιαζόμενον,
1517 1718 1659 1771 μένειν
1697 1711 1757 1758 δ”

275 1777 510 1833 α’μερίστως
541 1778 614 1822 ἕνα
647 1780 840 1837 καθάπερ
880 1781 952 1825 τόν
996 1780 1113 1838 ἥλιον
1143 1784 1314 1833 α’κτΐνας
1353 1783 1510 1834 πολλᾶς
1546 1785 1736 1840 προπέμ-

271 2017 369 2051 tebat
396 2028 474 2053 eum
500 2028 571 2054 non
596 2020 685 2054 fines
710 2022 885 2056 excedere
911 2028 947 2057 et
979 2023 1162 2057 doctrinae
1197 2023 1339 2067 regulas
1378 2023 1421 2057 de
1450 2033 1555 2057 causa
1581 2028 1617 2058 et
1642 2035 1731 2059 cau..

271 2070 359 2107 sato,
386 2075 504 2110 neque
529 2071 597 2100 tam
622 2068 764 2102 indocte
781 2079 1002 2114 oppugnare.
1051 2081 1130 2104 nam
1149 2071 1185 2104 in
1199 2070 1374 2104 similibus
1394 2075 1429 2103 et
1442 2070 1585 2113 paribus
1609 2076 1730 2106 trans-

270 2111 395 2145 lationi
430 2112 530 2146 locus
563 2119 638 2156 est,
674 2115 775 2149 velut
809 2116 959 2151 hominis
997 2118 1165 2151 cachinus
1195 2123 1230 2151 et
1256 2119 1337 2162 equi
1362 2117 1531 2151 hinnitus.
1582 2128 1653 2152 non
1679 2119 1728 2152 ibi

270 2160 381 2192 maius
408 2165 443 2193 et
466 2160 604 2203 minus,
633 2166 692 2195 aut
717 2164 865 2206 primum
892 2170 927 2198 et
960 2165 1110 2199 alterum
1144 2165 1274 2198 hahent
1310 2164 1439 2198 locum.
1490 2174 1596 2198 causa
1635 2166 1727 2199 enim

272 2210 325 2239 est
351 2211 386 2239 et
412 2207 580 2250 primum,
616 2218 687 2242 non
717 2215 755 2243 ut
781 2211 858 2254 ipse
883 2212 1026 2245 indocte
1055 2212 1163 2253 dicit,
1207 2212 1297 2256 quod
1333 2211 1511 2254 impartita
1554 2213 1725 2254 essentia,

271 2263 357 2297 ergo
383 2254 575 2287 varietates
600 2265 671 2289 non
695 2256 800 2290 habet
826 2259 1050 2301 essentiales,
1075 2260 1136 2292 scd
1154 2259 1342 2299 contrarie,
1370 2259 1399 2292 si
1418 2259 1496 2302 quis
1522 2257 1612 2292 illud
1636 2259 1725 2292 affe..

268 2305 346 2333 rut:
375 2301 467 2344 quod
485 2303 676 2336 varietates
692 2314 762 2337 non
777 2303 883 2338 habet
901 2305 1122 2347 essentiales,
1143 2316 1228 2350 ergo
1243 2305 1507 2349 nonimpartita
1524 2310 1588 2339 est.
1603 2316 1727 2350 quam..

269 2356 370 2390 quam
398 2358 548 2382 necesse
576 2355 651 2383 erat
677 2351 780 2384 docte
806 2352 1080 2397 distinguentem
1105 2354 1202 2396 prius
1228 2353 1347 2386 dicere
1367 2376 1378 2394 ‚
1411 2357 1523 2386 utram
1550 2354 1726 2386 essentia-

268 2393 337 2427 lem
366 2394 574 2429 varietatem
598 2397 759 2441 recipiat.
805 2409 884 2432 esse
914 2400 1006 2433 enim
1031 2401 1162 2441 dicunt,
1184 2400 1226 2433 ad
1241 2409 1327 2444 quas
1344 2409 1364 2432 a
1389 2409 1521 2432 summo
1549 2399 1592 2432 ad
1620 2400 1726 2433 imum

269 2449 402 2484 genera
430 2441 634 2476 dividuntur
659 2445 695 2478 in
726 2446 878 2488 species,
906 2451 942 2479 et
966 2446 1034 2481 hae
1058 2447 1094 2480 in
1120 2452 1234 2480 atoma
1259 2451 1318 2479 aut
1343 2446 1462 2489 potius
1487 2450 1559 2479 tota
1579 2447 1615 2479 in
1640 2457 1726 2490 par..

268 2492 335 2520 tes.
384 2493 493 2522 totum
521 2490 612 2522 enim
637 2497 834 2536 utrumque,
861 2503 986 2537 genus,
1013 2495 1165 2538 species,
1192 2503 1424 2538 quaecunque
1453 2493 1547 2526 inter
1562 2503 1601 2526 se
1628 2494 1725 2527 divi-

268 2534 406 2567 duntur.
459 2546 537 2568 esse
570 2543 683 2571 antem
700 2563 709 2580 ,
738 2540 781 2572 ad
807 2551 892 2584 quas
921 2541 1035 2574 divisa
1061 2540 1266 2574 formantur.
1317 2546 1434 2573 tamen
1461 2550 1505 2572 ex
1529 2540 1725 2583 scripturae

267 2581 484 2623 testimonio,
511 2584 603 2626 quod
616 2585 729 2627 affert,
758 2587 861 2620 etiam
876 2587 943 2620 hoc
962 2587 1130 2629 declarat,
1156 2588 1353 2621 dividentes
1376 2591 1410 2619 et
1435 2596 1525 2630 quae
1543 2596 1564 2619 n
1589 2597 1721 2620 summo

267 2628 405 2670 priores
431 2634 555 2662 natura
584 2637 665 2665 sunt
690 2633 732 2666 ad
756 2643 937 2667 numerum
955 2635 1046 2668 infra
1060 2635 1249 2668 divisarum
1263 2645 1302 2668 se
1326 2643 1492 2678 aequare.
1541 2638 1674 2667 temere
1691 2639 1725 2667 et

267 2673 409 2707 indocte
430 2676 582 2720 quidem,
597 2684 632 2711 at
645 2679 741 2713 facit.
770 2679 959 2723 Pluralem,
979 2682 1198 2717 D.Maximus
1218 2682 1267 2715 ait
1281 2691 1359 2714 esse
1380 2680 1481 2713 deum
1500 2681 1723 2725 unumquod-

269 2729 338 2777 que
365 2723 485 2758 eurum
515 2733 605 2771 quae
629 2730 710 2779 sunt
740 2729 971 2783 praecognito
1001 2734 1130 2765 eventu
1156 2728 1461 2779 multiplicantem,
1486 2728 1722 2780 ωοοοτοᾷιιι.
