1768 3132
266 143 362 194 556
480 161 481 165 ¹
661 144 963 188 Nlcsspnom
999 146 1227 190 GREGOR
1234 145 1302 190 AB

268 254 306 296 δ’
336 252 586 308 οὐδετέρως,
618 251 773 309 τρόπον
806 251 852 310 δέ
878 268 971 294 τινα
1009 252 1373 312 τερατωδέστερον
1399 255 1474 299 καὶ
1503 254 1700 301 amdam

266 318 374 362 κατὰ
402 320 476 375 τὴν
505 316 690 362 ἑκάστων
716 319 948 363 α’δέσποτον
970 321 1196 376 βούλησιν,
1227 317 1460 376 οἶμαι,“τοῦ
1488 323 1590 365 θεοῦ
1620 340 1722 380 συγ-

267 387 555 442 κεχωρηκότος
595 389 653 436 εἰς
694 388 814 428 τοῦτο
845 388 995 438 κακίας
1027 387 1208 445 ῥαγῆναι
1234 386 1471 443 Ῥωμαίους
1514 387 1621 432 ὥστε
1651 389 1724 433 τὸν

267 452 386 496 ἔνδον
413 455 487 508 τῆς
515 455 662 508 ψυχῆς
698 455 890 507 χειμῶνα
920 455 994 496 καί
1022 453 1095 509 τὴν
1136 455 1236 509 περὶ
1259 453 1312 496 τὰ
1330 452 1443 497 ἃθεῖά
1473 457 1547 512 τῆς
1576 457 1722 512 ἐκκλη-

90 527 250 566 f.271a.
267 521 363 569 σίας
394 518 582 575 δόγματα
612 519 804 575 ποικίλην
827 520 955 575 ζάλην
981 520 1054 562 καί
1084 521 1290 563 ἄστασίαν
1314 520 1384 563 διὰ
1412 524 1494 565 τῶν
1522 520 1602 575 ἔξω
1627 528 1719 568 ,τοι-

266 587 397 628 ούτων
417 586 643 641 σχημάτων
674 588 922 642 δηλοῦσθαι,
953 587 1026 629 καί
1050 589 1171 643 σφῶν
1197 587 1334 630 αὐτῶν
1363 587 1513 641 αὐτοὺς
1543 586 1721 632 α’ὖτόθεν

266 648 375 694 εἶναι
403 652 690 708 κατηγόρους,
731 654 775 694 ἐκ
808 653 972 708 πρώτης
1008 651 1134 702 εὐθὺς
1168 650 1309 706 ὄψεώς
1339 669 1383 696 τε
1412 653 1486 696 καί
1512 655 1720 708 ἐντυχίας.

173 718 337 765 41)καί
369 716 513 771 ὥσπερ
557 717 628 759 ἐπὶ
667 718 901 773 θαλάττης,
947 717 1119 761 ἐπειδὰν
1155 720 1238 760 τῶν
1266 719 1483 775 σφετέρων
1526 720 1721 777 ἀγκυρῶν

263 783 580 839 ὄρφανισθεῖσα
621 785 722 833 ναῦς
759 785 931 840 ἐξωσθῇ
972 783 1078 837 πρὸς
1114 782 1160 826 τὸ
1204 784 1406 840 πέλαγος,
1448 786 1609 842 μυρίας
1649 786 1721 829 καί

265 849 550 905 ἆτεκμάρτους
573 849 719 891 α’ντλεΐ
741 849 815 900 τὰς
841 851 1000 900 πλάνας
1018 852 1090 893 καί
1112 850 1206 901 τοὺς
1227 851 1456 902 κινδύνους,
1485 850 1592 895 οὕτω
1617 852 1719 895 κάν-

261 917 402 958 ταῦθα
445 912 535 965 ἑνὸς
576 915 732 958 ἀτόπου
775 917 992 968 δοθέντος,
1028 919 1164 974 μυρία
1203 916 1256 959 τὰ
1285 915 1419 960 ἄτοπα
1447 917 1720 975 ἠκολούθησε,

263 984 428 1038 πρῶτον
466 983 544 1037 μὲν
583 982 609 1038 ἦ
648 985 730 1026 τῶν
765 983 973 1040 μεγίστων
1010 986 1054 1026 ἐκ
1094 985 1279 1026 παλαιοῦ
1319 984 1393 1028 καί
1430 985 1720 1042 περιβλέπτων

263 1050 480 1092 παλατίων
508 1050 581 1092 καί
611 1048 705 1092 ὅσοι
745 1052 828 1092 τῶν
857 1051 1017 1101 τούτοις
1039 1051 1348 1107 παραπλησίως
1389 1053 1568 1103 ἐνδόξων
1596 1051 1720 1095 οἴκων

263 1117 540 1172 καθαίρεσις,
580 1117 654 1159 καί
692 1116 781 1171 ἅμα
819 1117 845 1172 ἦ
884 1120 965 1159 τῶν
1003 1118 1152 1160 κιόνων
1195 1119 1379 1161 καὶτῶν
1407 1118 1619 1161 ἐπιπέδων
1648 1118 1721 1162 καὶ

264 1183 465 1226 ποικίλων
493 1184 566 1226 καί
611 1185 870 1238 θαυμασίων
915 1184 1158 1240 μαρμάρων
1199 1186 1554 1242 πιπρασκομένων
1583 1188 1750 1241 διηνε-1

264 1249 338 1306 κὴς
367 1250 473 1307 πρὸς
500 1250 544 1293 τὸ
565 1251 880 1306 Γαλατώνυμον
912 1253 1118 1308 φρούριον
1150 1252 1366 1309 άπαγωγή,
1395 1253 1468 1295 καί
1495 1251 1523 1308 ἦ
1550 1255 1623 1308 τῆς
1653 1253 1718 1295 ἒν·-

261 1318 410 1358 τεῦθεν
435 1319 612 1373 χάριτος
650 1318 784 1359 ἐκεῖσε
825 1318 1080 1370 μετάθεσις,
1119 1319 1192 1360 και
1238 1317 1318 1361 ὅσα
1355 1319 1513 1373 κόσμον
1541 1323 1720 1375 παρεῖχε

261 1385 314 1439 τῇ
343 1383 516 1439 μεγίστῃ
558 1384 687 1439 ταύτῃ
719 1385 801 1425 τῶν
830 1384 993 1425 πόλεων
1028 1400 1099 1426 και
1140 1384 1388 1440 περιβόητον
1421 1383 1495 1440 τὴν
1523 1383 1718 1441 λαμπρό-

261 1466 386 1503 τητα·
448 1452 537 1491 εἰτα
566 1452 649 1492 τῶν
679 1448 804 1532 ἱερῶν
828 1450 901 1492 καί
929 1451 1060 1493 θειων
1088 1453 1193 1493 νεῶν
1222 1450 1373 1493 ὁπόσοι
1399 1453 1548 1509 μεῖζον
1575 1454 1720 1509 πολλῷ

260 1517 334 1569 τῆς
362 1517 445 1557 τῶν
485 1514 609 1558 οικων
647 1517 815 1558 ἐκεινων
843 1518 1124 1573 περιφανείας
1165 1522 1370 1574 παρεῖχον
1406 1519 1462 1575 τῇ
1510 1518 1630 1561 πόλει
1670 1517 1768 1567 τὸ2ῦ

261 1582 392 1632 κλέος.

167 1675 246 1710 5⁰
396 1652 482 1692 Τοῦ
510 1653 547 1693 δ’
577 1647 682 1707 ἦρος
713 1651 950 1707 ἀρχομένου
981 1650 1004 1693 ὅ
1032 1653 1115 1693 τῶν
1134 1645 1385 1707 Τριβαλλῶν
1415 1650 1599 1707 ἀρχηγὸς
1626 1652 1715 1694 ἐτε-

259 1714 406 1770 θνήκει
441 1717 619 1773 Κράλης
647 1717 842 1773 Σερβιάς,
872 1717 944 1760 καὶ
973 1717 1163 1773 θόρυβον
1191 1716 1292 1770 ἔσχε
1319 1718 1393 1759 καί
1423 1716 1550 1773 ζάλην
1578 1717 1715 1759 ἐντεῦ-

254 1917 357 1951 modo
382 1921 545 1951 neutrum
580 1916 704 1951 horum
732 1917 917 1962 praeferre
942 1918 1128 1960 videmus,
1167 1918 1229 1951 sed
1257 1917 1364 1952 alium
1388 1917 1501 1963 magis
1527 1915 1714 1952 absurdum

258 1970 293 1997 et
318 1965 544 2008 peregrinum
569 1975 632 2008 pro
647 1965 866 2008 singulorum
892 1965 984 1998 libiti
1010 1965 1223 2010 arrogantia.
1251 1975 1352 2010 quam
1374 1964 1417 1998 ad
1443 1964 1713 2020 perversitatem

257 2011 432 2045 Romanos
458 2011 528 2044 labi
552 2018 590 2045 ut
611 2022 677 2056 ego
705 2013 844 2056 quidem
860 2013 987 2055 opinor
1009 2013 1095 2046 deus
1121 2017 1310 2056 propterea
1335 2012 1480 2055 patitur,
1507 2016 1545 2044 ut
1571 2012 1711 2046 animo-

253 2068 328 2091 rum
354 2059 562 2101 pravitatem
590 2064 625 2092 et
650 2059 896 2093 vehementem
915 2065 1059 2102 propter
1084 2059 1204 2092 divina
1230 2057 1407 2092 ecclesiae
1431 2058 1594 2101 dogmata
1617 2063 1710 2092 tem..
1755 2061 1761 2065 “

255 2110 426 2148 pestatem
455 2111 490 2138 et
515 2105 748 2138 turbationem
779 2116 822 2139 ex
845 2106 1039 2139 istiusmodi
1077 2106 1233 2139 externis
1261 2104 1367 2138 rebus
1401 2110 1644 2148 cognoscant,
1674 2110 1709 2139 et

254 2157 445 2196 propterea
480 2157 518 2185 ut
552 2157 664 2185 semet
691 2153 759 2195 ipsi
799 2154 962 2186 incusent
994 2153 1109 2186 statim
1149 2162 1192 2185 ex
1217 2153 1328 2195 primo
1365 2152 1494 2184 intuitu
1541 2156 1576 2184 et
1614 2162 1710 2185 casu.

255 2199 544 2243 quemadmodum
572 2204 686 2232 autem
714 2200 750 2232 in
775 2200 875 2241 mari,
902 2200 1040 2244 quando
1061 2199 1200 2232 ancoris
1223 2199 1296 2231 suia
1321 2197 1444 2231 orbata
1470 2198 1525 2231 ἐει
1546 2199 1648 2232 navis
1674 2199 1711 2231 in

255 2245 362 2279 altum
392 2255 433 2278 ea
460 2246 619 2288 proiecta
645 2246 845 2279 innumeras
890 2251 924 2279 et
956 2247 1108 2279 infinitas
1152 2245 1347 2278 errationes
1374 2249 1410 2277 et
1439 2244 1598 2288 pericula
1632 2245 1710 2286 init,

253 2293 302 2325 ita
328 2292 417 2335 apud
452 2292 535 2325 illos
574 2294 677 2325 unius
709 2293 761 2325 rei
797 2293 1033 2336 perversitate
1057 2297 1222 2335 recepta,
1257 2291 1346 2324 hane
1379 2291 1584 2324 innumerae
1618 2291 1711 2324 aliae

255 2344 399 2373 secutae
425 2344 517 2372 sunt.
568 2340 717 2382 primum
748 2340 837 2372 enim
856 2339 1070 2382 amplissima
1096 2340 1239 2383 antiqua
1263 2343 1298 2371 et
1323 2337 1555 2371 celeberrima
1580 2337 1711 2381 palatia

255 2391 289 2419 et
313 2385 382 2418 alia
409 2396 522 2429 aeque
548 2386 731 2429 splendida
757 2387 918 2420 aedificia
943 2387 1120 2419 destructa
1137 2390 1229 2426 sunt,
1257 2389 1293 2418 et
1319 2384 1556 2417 columnarum
1584 2389 1619 2417 et
1644 2394 1710 2427 pa-

253 2433 487 2466 vimentorum
514 2433 637 2475 pulcra
662 2438 696 2466 et
724 2434 879 2466 miranda
903 2442 1074 2466 marmora
1101 2432 1243 2466 vendita
1270 2436 1305 2464 et
1332 2431 1501 2464 continuo
1531 2431 1573 2464 ad
1601 2431 1709 2465 Gala-

252 2485 366 2513 torum
394 2479 577 2513 castellum
603 2484 862 2523 transportata,
897 2481 1016 2523 itaque
1043 2479 1125 2512 hino
1151 2478 1237 2512 illuc
1274 2478 1389 2510 omnia
1413 2483 1617 2510 ornamenta
1642 2478 1709 2510 de-
1752 2475 1759 2499 Ἃ

254 2526 326 2559 lata
352 2531 444 2567 sunt,
475 2531 510 2559 et
535 2526 605 2559 alia
631 2537 721 2569 quae
751 2527 871 2560 decori
900 2531 999 2559 erant
1027 2525 1108 2558 huic
1134 2525 1212 2558 urbi
1238 2524 1474 2568 amplissimae
1505 2529 1540 2557 et
1564 2529 1707 2567 propter

252 2572 475 2615 splendorem
505 2574 660 2605 omnium
687 2583 749 2606 ore
774 2573 964 2606 celebrata.
1016 2573 1168 2616 denique
1193 2572 1284 2604 idem
1308 2571 1436 2604 accidit
1455 2570 1564 2604 sacris
1591 2575 1626 2603 et
1650 2570 1707 2604 di-

252 2620 347 2652 vinis
374 2619 526 2662 templis,
556 2630 647 2663 quae
672 2619 782 2653 multo
809 2621 976 2653 maiorem
1005 2630 1106 2664 quam
1134 2618 1372 2652 aedificiorum
1399 2617 1542 2651 illorum
1568 2617 1707 2662 magni-

254 2666 398 2699 ficentia
423 2666 501 2700 urbi
529 2667 763 2710 praebuerant
790 2667 1047 2700 claritudinem.

387 2729 505 2764 Primo
540 2739 628 2763 vere
659 2730 889 2766 Triballorum
926 2733 1093 2775 princeps
1121 2731 1218 2766 obiit
1247 2729 1371 2766 Crales
1407 2729 1564 2766 Serbiae.
1614 2729 1708 2764 unde
