1826 3120
312 160 410 210 262
710 163 1010 210 NlcEPnom
1051 161 1360 207 GREGORAE

313 271 388 328 τὴν
415 272 682 329 ἐξαγόρευσιν
714 271 992 327 ποιησάμενος
1022 270 1195 326 ταυτηνὶ
1223 273 1315 323 μετ’
1348 270 1488 324 ὀλίγον
1514 260 1770 323 ἐξέπνευσεν,

315 338 372 389 ὥς
403 342 475 381 καί
501 341 647 394 ψῆφον
684 340 951 393 ἐξενηνέχθαι
992 339 1093 386 τέως
1138 332 1198 387 οἷς
1228 339 1318 379 ἐκεῖ
1340 335 1636 392 συνετωτέροις
1664 332 1801 391 εἶναι.Χ

316 407 528 464 τετύχηκε,
555 405 613 462 μη
650 408 706 448 δι’
737 401 837 446 ἄλλο
866 397 906 447 τι
935 403 1012 454 τοὶς
1032 407 1176 459 βιαίας
1207 404 1309 459 γοῦν
1337 400 1602 452 ταύταςκαί
1626 407 1773 445 τελευ-

315 472 432 522 ταίας
469 475 754 526 ταμιευθῆναι
779 469 1031 530 [τάνθρώπῳ
1067 470 1198 521 πνοὰς
1241 468 1348 526 πρὸς
1392 471 1503 511 θεοῦ
1531 465 1561 526 ἢ
1599 467 1669 512 dtu*
1700 468 1772 524 τὴν

320 542 404 582 τῶν
432 536 646 595 ῥηθέντων
678 536 959 592 ἐξαγόρευσιν.
1008 533 1136 590 ,ὅμως
1155 535 1297 592 ἐπειδὴ
1329 530 1441 578 καῖὄ
1474 535 1666 595 δεύτερος
1696 529 1775 577 οὗ·

319 621 385 653 τος
415 606 566 647 νεωστί
596 603 811 659 γενόμενος
841 601 967 657 τόμος
996 602 1215 659 ἐληλυθώς
1245 605 1290 646 ἐκ
1323 604 1399 645 τοῦ
1428 598 1554 658 ὅρους
1579 604 1639 652 εἰς
1670 603 1777 657 ε’πή-

319 687 413 713 κοον
444 670 667 728 Καλλίστῳ
696 686 741 713 τε
784 670 1029 726 ἀνεγνώσθη
1069 672 1125 728 τῷ
1170 666 1414 727 πατριάρχῃ
1449 670 1528 711 καὶ
1553 673 1637 719 τοῖς
1670 669 1776 724 ἄμφ’

320 737 450 780 αὐτὸν
478 736 747 792 ἐπισκόποις,
790 740 849 788 εἰς
880 735 1009 792 ὀργῆν
1048 732 1178 785 αὖθις
1218 732 1359 792 ἤγειρε
1401 733 1482 780 τόν
1514 734 1779 791 πατριάρχην

318 808 391 847 καί
420 799 631 861 ἄπρακτος
661 807 936 860 ἀπεπέμφθη,
975 805 1056 847 τῶν
1086 805 1196 859 ἄμφ’
1228 803 1362 846 αὐτὸν
1391 799 1629 846 ἐπισκόπων
1656 802 1780 844 οὐδὲν

149 876 176 913 f.
190 876 256 913 130
270 886 306 913 v·
319 868 566 927 εἰρηκότων,
615 870 722 914 ἀλλὰ
767 877 926 927 κωφοῖς
955 869 1147 913 ἐοικότων
1182 865 1208 924 ἢ
1236 872 1373 920 λίθοις
1405 867 1691 925 ἀναισθήτοις,
1718 870 1780 912 εἰ-

322 946 415 981 πεῖν
448 937 718 993 οἰκειότερον·
778 935 890 980 οὕτω
919 934 1258 993 βοσκηματώὸεις
1278 936 1364 994 εἰσί
1390 938 1462 979 καί
1489 938 1637 997 παισίν
1667 934 1780 978 α’θύ-

323 1022 441 1062 ρουσι
471 1009 565 1048 λιάν
608 1007 827 1060 ἐπίχαρτοι
854 1003 1147 1060 προσηκόντως
1185 1001 1223 1046 οἱ
1257 1005 1332 1045 νῦν
1371 1004 1457 1046 τῶν
1488 1000 1614 1057 ἱερῶν
1644 1000 1784 1058 καθή-

323 1088 442 1128 μενοι
474 1070 693 1128 δογμάτων
742 1073 896 1127 κριταί.
955 1069 1062 1113 α’λλὰ
1102 1071 1258 1113 τούτων
1285 1072 1379 1124 μὲν]
1408 1067 1529 1124 ἅλις,
1571 1067 1784 1125 εἰρήσεται

325 1128 371 1185 δὲ
399 1139 507 1183 κατὰ
539 1141 686 1194 χώραν
716 1141 850 1182 ἰοῦσιν
881 1135 960 1181 ὅσα
987 1135 1298 1194 ἐπηκολούθησε
1317 1139 1456 1195 σφίσι.
1488 1138 1564 1180 νῦν
1583 1137 1622 1180 δ’
1655 1134 1785 1179 ἐκεῖνο

324 1208 667 1261 ἐπαναλήψομαι.

238 1283 336 1320 55·
452 1273 652 1331 Ἀφίκετό
693 1291 756 1324 τις
801 1277 845 1317 ἐκ
888 1276 1090 1317 Λατίνων
1143 1274 1361 1321 ἐπίσκοπος
1416 1271 1532 1327 παρὰ
1587 1275 1783 1327 βασιλέα,

322 1341 516 1397 Ἰωάννην
550 1343 662 1398 φημί
695 1342 766 1384 τὸν
799 1337 1123 1396 Παλαιολόγον,
1153 1343 1300 1396 φιλίας
1328 1340 1445 1382 ἕνεκα
1477 1337 1786 1395 προϋπαρχού-

325 1425 413 1464 σης,
443 1411 599 1465 σοφίας
626 1407 822 1464 ἔμπειρος
851 1406 985 1463 ὁπόση
1015 1411 1088 1450 καί
1115 1409 1184 1450 οἳά
1217 1405 1291 1462 τήν
1319 1409 1402 1450 τῶν
1430 1407 1626 1450 Λατίνων
1657 1407 1787 1449 οἰκει-

329 1478 452 1518 οῦται
482 1473 640 1532 σχολήν
670 1478 714 1518 ἐν
744 1477 1018 1530 δογματικαῖς
1055 1477 1137 1517 τῶν
1167 1478 1297 1516 θείων
1333 1473 1592 1531 γραμμάτων
1622 1476 1789 1529 διατρι-

327 1546 437 1596 βαῖς.
495 1541 655 1599 ἔφασκε
688 1544 727 1584 δ’
761 1545 803 1585 ἐν
833 1548 924 1593 ταῖς
953 1543 1051 1584 καθ’
1085 1541 1247 1597 ἡμέραν
1290 1541 1476 1595 ὁμιλίαις
1501 1543 1559 1600 τῷ
1588 1556 1631 1584 τε
1659 1544 1784 1595 βασι·

330 1613 400 1651 λεῖ
422 1609 495 1652 καί
523 1603 583 1659 οἷς
613 1610 857 1664 ἐνετύγχανε
895 1612 1152 1667 σοφωτέροις
1197 1610 1297 1669 ἰδίᾳ-
1324 1611 1396 1651 καί
1436 1610 1630 1668 δημοσίᾳ,
1658 1605 1790 1650 πολύν
1824 1632 1826 1663 3

333 1838 403 1873 nisi
430 1838 523 1883 quod
548 1847 654 1871 unum
683 1842 817 1872 tantum
842 1838 1110 1884 significandum
1136 1838 1203 1873 suit
1228 1839 1310 1882 hoc,
1334 1840 1399 1874 sub
1423 1839 1573 1875 testibus
1597 1839 1673 1875 illis
1701 1850 1790 1875 con-

335 1886 494 1921 fessione
523 1885 612 1919 haec
637 1885 741 1928 facta,
767 1896 849 1919 mox
874 1884 1061 1920 exhalasse
1087 1887 1235 1920 animam
1261 1887 1375 1930 illum,
1401 1893 1439 1921 ut
1466 1888 1568 1921 etiam
1587 1888 1790 1933 suffragium

336 1935 373 1967 in
397 1934 512 1966 lucem
538 1938 610 1966 tum
636 1933 682 1967 sit
707 1934 750 1967 iis
776 1938 1011 1977 protractum,
1041 1933 1166 1978 quibus
1200 1934 1541 1978 intelligentioribus
1569 1945 1649 1969 esse
1673 1936 1791 1969 conti..

335 1981 401 2026 git,
429 1991 475 2013 ne
501 1985 646 2023 propter
674 1979 769 2014 aliud
791 1980 875 2026 quid
900 1980 1079 2014 violentos
1099 1981 1163 2015 hos
1190 1987 1224 2014 et
1247 1980 1389 2015 ultimos
1415 1983 1531 2026 parari
1558 1981 1690 2016 homini
1715 1983 1811 2026 spi-'

335 2029 423 2062 ritus
450 2027 631 2060 credamus
658 2038 677 2060 a
703 2028 784 2070 deo,
810 2038 911 2072 quam
941 2033 979 2061 ut
1006 2038 1047 2061 ea
1072 2038 1162 2072 quae
1187 2029 1280 2062 dicta
1305 2034 1398 2070 sunt,
1425 2030 1681 2072 pronuntiaret.
1734 2034 1791 2063 at-

335 2080 453 2109 tamen
478 2079 661 2118 postquam
702 2076 804 2108 etiam
834 2075 1008 2109 secundus
1047 2074 1106 2108 hic
1130 2085 1244 2120 nuper
1270 2076 1414 2109 advenit
1440 2081 1553 2110 tomus
1591 2086 1635 2110 ex
1660 2081 1791 2118 monte,

338 2127 373 2155 et
400 2122 493 2154 unde
511 2122 632 2157 ,audiri
652 2127 786 2165 posset,
813 2121 961 2156 Callisto
978 2122 1150 2156 recitatus
1177 2127 1230 2157 est
1246 2122 1468 2167 patriarchae
1494 2128 1529 2157 et
1554 2123 1597 2158 iis
1612 2124 1671 2167 qui
1698 2124 1790 2156 circa

339 2179 417 2202 eum
445 2173 544 2201 erant
574 2170 765 2212 episcopis,
790 2169 827 2202 in
853 2169 938 2202 iram
966 2179 1086 2203 rursus
1112 2169 1267 2203 coniecit
1290 2169 1525 2213 patriarcham
1544 2176 1579 2204 et
1596 2170 1729 2204 infecta
1752 2180 1793 2204 re

338 2217 499 2250 dimissus
526 2220 591 2257 est,
620 2216 796 2260 episcopis
821 2226 909 2260 quos
936 2226 1055 2250 secum
1079 2215 1231 2250 habebat
1249 2216 1339 2250 nihil
1366 2215 1508 2259 locutis,
1534 2217 1596 2251 sed
1620 2223 1792 2251 mutorum

340 2263 519 2296 hominum
554 2263 710 2305 speciem
744 2262 980 2297 referentibus
1017 2269 1052 2297 et
1076 2263 1228 2307 lapidum
1254 2274 1361 2298 sensu
1387 2265 1581 2298 carentium
1599 2289 1609 2306 ,
1637 2266 1696 2309 qui
1721 2274 1794 2298 non

340 2314 488 2354 possunt
513 2310 607 2353 quod
632 2315 748 2353 aptum
775 2311 820 2344 sit
847 2311 980 2343 dicere.
1029 2311 1078 2344 ita
1102 2311 1290 2354 pecoribus
1317 2310 1452 2344 similes
1463 2313 1550 2345 'sunt
1567 2316 1602 2345 et
1625 2311 1794 2355 petulan-

339 2357 432 2390 tibus
461 2357 581 2400 pueris
606 2357 712 2390 valde
739 2357 924 2391 ludibriosi
948 2358 1074 2391 merito
1100 2358 1147 2399 ii,
1175 2359 1234 2401 qui
1258 2368 1352 2391 nunc
1389 2368 1569 2391 sacrorum
1596 2358 1793 2403 dogmatum

340 2405 465 2439 sedent
490 2404 639 2438 iudices.
690 2404 752 2437 sed
785 2405 828 2437 de
854 2404 909 2438 his
935 2405 1031 2438 satis.
1094 2404 1293 2438 narrabitur
1318 2410 1434 2438 autem
1470 2411 1635 2450 quantum
1660 2405 1734 2440 illis
1759 2406 1795 2438 in

341 2451 434 2484 hunc
459 2451 577 2484 locum
605 2451 766 2485 euntibus
790 2456 948 2486 secutum
981 2452 1027 2486 sit
1051 2451 1296 2493 multitudinis.
1358 2463 1452 2486 nunc
1478 2452 1568 2486 illud
1592 2462 1712 2487 rursus
1738 2458 1795 2486 at-

339 2499 485 2543 tingam.

471 2561 675 2596 Advenerat
710 2561 839 2606 aliquis
873 2572 917 2595 ex
949 2562 1151 2596 Latinorum
1186 2562 1361 2606 episcopis
1401 2563 1444 2597 ad
1480 2573 1600 2608 regem
1630 2562 1804 2596 Ioannem>

341 2607 595 2653 Palaeologum
630 2609 709 2642 dico
745 2614 890 2653 propter
913 2609 1123 2651 amicitiam,
1164 2619 1254 2654 quae
1276 2610 1343 2643 iam
1369 2615 1450 2643 ante
1475 2611 1568 2644 inter
1595 2619 1656 2643 eos
1683 2610 1797 2643 inter..

346 2660 517 2690 cesserat.
567 2657 764 2698 sapientiae
788 2666 920 2700 gnarus
953 2656 1011 2689 hic
1039 2662 1125 2698 erat,
1152 2662 1279 2700 quanta
1307 2661 1341 2689 et
1366 2657 1480 2701 qualis
1505 2657 1704 2691 Latinorum
1731 2656 1799 2689 ob-

352 2704 445 2736 tinet
467 2701 626 2736 scholam
659 2704 695 2736 in
728 2703 935 2747 dogmaticis
969 2703 1164 2738 litterarum
1189 2704 1385 2737 divinarum
1418 2703 1695 2749 quaestionibus.
1743 2704 1800 2736 di-

354 2749 499 2783 ctitabat
530 2754 645 2782 autem
683 2750 719 2783 in
754 2750 967 2798 quotidianis
1000 2750 1218 2786 sermonibus
1257 2756 1292 2784 et
1314 2751 1391 2796 regi
1419 2756 1454 2786 et
1485 2751 1600 2796 siqui
1624 2750 1716 2784 forte
1741 2759 1800 2786 sa·-
