1826 3120
211 136 310 188 334
560 140 569 143 ⁴
613 136 910 191 monmom
956 144 1261 189 eaneoaan

212 252 308 310 λέγῃ
329 249 440 305 “3705
473 252 560 305 εἰμι
592 251 615 306 ἦ
646 251 823 308 σοφιά,’”
853 251 924 294 καί
944 246 1001 294 αὖ
1032 249 1053 293 ὅ
1076 248 1306 301 ἀπόστολος
1330 247 1668 308 “Χριστὸςθεοῖ

215 319 394 372 δύναμις
426 319 499 359 καί
523 321 630 359 θεοῦ
658 317 828 374 σοφία,”
854 319 910 367 ὥς
940 320 986 360 ἐκ
1018 317 1171 373 πατρὸς
1200 318 1424 372 δυνάμεως
1455 311 1568 368 ὄντος
1598 319 1669 360 καί

213 386 367 441 σοφίας
399 389 570 437 νοεῖται,
603 382 741 441 ὥσπερ
777 387 869 441 φῶς
897 384 1113 441 ὲκφωτὸς
1141 386 1212 427 καί
1228 384 1328 434 θεὸς
1363 387 1407 427 ἐκ
1436 386 1554 427 θεοῦ,
1583 385 1668 426 ποῦ

211 454 349 493 τοίνυν
379 451 454 492 οιῖκ
484 447 537 492 ἂν
577 453 771 504 α’σεβείας
822 450 989 493 ἐλαύνοι
1016 451 1087 494 τὸν
1125 451 1226 493 θεὸν
1255 451 1504 494 ὑποκεῖσθαι
1533 454 1667 507 λέγειν

211 519 263 574 τῇ
293 520 423 575 σοφίᾳ
451 515 642 571 καθάπερ
684 517 988 572 συμβεβηκότι,
1032 520 1104 560 καί
1140 518 1199 573 μὴ
1241 513 1348 561 εἶναι
1387 520 1547 572 μᾶλλον
1591 515 1700 572 τὴνδ

212 586 370 638 σοφιάν
402 582 565 632 ου’σίαν,
598 584 706 637 μηδὲ
733 582 804 625 τὸν
833 582 935 625 θεὸν
966 580 1095 638 εἶναι,
1128 580 1268 638 ὥσπερ
1302 583 1378 639 τὴν
1407 585 1559 626 οὐσίαν
1584 584 1668 626 av'-

210 652 314 702 τοῦ,
345 645 458 690 οὕτω
486 651 558 690 καί
585 649 659 707 τὴν
698 652 854 705 σοφίαν
884 651 1031 703 αὐτοῦ,
1063 651 1152 691 α’λλ’
1181 652 1225 692 ἐν
1257 650 1368 709 αὐτῷ
1410 649 1464 699 ὥς
1489 650 1532 692 ἐν
1561 649 1669 692 ὕπο-

209 717 399 774 κειμένῳ,
428 716 620 769 καθάπερ
653 715 727 770 τήν
758 717 946 772 τεχνικὴν
971 719 1145 772 ταυτηνί
1174 720 1328 773 σοφίαν
1359 720 1402 760 ἐν
1424 719 1665 775 ἀνθρωπίνῃ

211 784 344 839 ψυχῇ.
402 783 525 823 τοῦτο
563 780 645 835 γὰρ
678 783 749 824 καί
794 782 815 823 ὁ
848 786 979 837 μέγας
1011 782 1297 836 Ἀθανάσιος,
1321 784 1466 826 κανόσι
1495 782 1568 826 καὶ
1594 781 1667 826 νό-

209 864 303 902 μοις
331 850 664 904 ἐπιστημονικοΐς
694 846 898 904 ἀληθείας
927 846 1153 906 ἑπόμενος,
1184 852 1279 892 λίαν
1311 849 1566 906 ἀπαγορεύει
1595 848 1668 892 καί
1678 856 1722 893 1⁰

214 917 410 968 α’σεβειάς
439 912 673 971 α’ποκληροῖ
698 915 944 969 θιασώταις,
977 919 1073 972 περὶ
1091 915 1164 958 τὸν
1190 916 1292 959 θεὸν
1319 914 1424 961 εἶναι
1453 915 1664 974 φάσκουσι

210 981 285 1036 τὴν
314 997 471 1038 σοφιαν
500 981 557 1031 ὥς
584 981 668 1032 ἕξιν
698 986 1017 1036 συμβαίνουσαν
1048 985 1120 1024 καί
1149 983 1565 1038 ἀποσυμβαίνουσαν,
1596 982 1669 1026 καὶ

121 1067 196 1100 99
211 1044 375 1106 οὐδαμῇ
419 1064 464 1103 γε
494 1052 658 1104 Ισοφίαν
696 1048 840 1091 αὐτόν.
915 1051 1062 1103 διπλῆς
1108 1052 1294 1091 ἐνταῦθα
1331 1052 1555 1105 τοιγαροῦν
1594 1052 1666 1104 τῆς

210 1117 364 1172 σοφίας
410 1111 559 1171 οὔσης,
600 1118 674 1170 τῆς
717 1118 796 1169 μὲν
841 1118 1140 1171 δημιουργικῆς
1185 1131 1228 1158 τε
1266 1116 1339 1159 καὶ
1377 1117 1556 1172 ἄρχικῆς
1595 1117 1668 1158 καί

209 1183 423 1238 ποιητικῆς
450 1184 523 1237 τῆς
567 1183 612 1223 δὲ
650 1184 1061 1238 δημιουργουμένης,
1098 1182 1170 1224 καί
1199 1184 1273 1237 τῆς
1302 1184 1380 1236 μὲν
1409 1180 1667 1238 σοφιζούσης
1682 1189 1723 1224 15

208 1250 280 1303 τῆς
310 1250 356 1289 δὲ
387 1250 679 1304 σοφιζομένης,
709 1251 782 1290 καί
806 1251 879 1304 τῆς
908 1251 986 1301 μὲν
1003 1251 1258 1304 γεννωμένης
1286 1251 1357 1305 τῆς
1387 1251 1433 1291 δὲ
1462 1251 1667 1302 ποιουμέ-

36 1330 150 1368 f‚152
167 1331 293 1370 ῃνης,
323 1316 466 1356 ἕπεται
496 1316 567 1369 τῆς
608 1318 688 1368 μὲν
725 1311 833 1356 εἶναι
872 1314 1099 1370 γεννήτορα
1134 1314 1202 1357 τὸν
1240 1316 1338 1358 θεὸν
1379 1314 1451 1357 καί
1489 1317 1665 1369 πατέρα,

209 1383 282 1437 τῆς
309 1382 356 1422 δὲ
386 1380 560 1437 ποιητὴν
604 1382 676 1423 καί
719 1379 1003 1441 δημιοοργόν,
1053 1382 1124 1423 καὶ
1163 1379 1270 1425 εἶναι
1315 1381 1388 1425 διὰ
1427 1377 1564 1424 ταδτα
1596 1381 1670 1424 καὶ

207 1450 368 1492 τούτων
395 1448 472 1504 τὴν
497 1451 574 1502 μὲν
608 1450 760 1492 οὐσίαν
790 1449 927 1491 α’ίδιόν
955 1464 999 1492 τε
1032 1452 1103 1492 καί
1131 1446 1335 1504 ἄτρεπτον
1369 1451 1442 1492 καί
1475 1450 1666 1505 ἀκίνητον

211 1517 317 1571 (δεῖν
344 1516 425 1571 γὰρ
458 1512 564 1558 εἶναι
599 1516 842 1559 παντάπασι
879 1515 952 1571 τὴν
1000 1516 1050 1558 τὰ
1082 1516 1218 1558 πάντα
1258 1519 1430 1572 πρώτως
1468 1516 1723 1560 κινοῦσαν20

208 1582 356 1624 ου’σίαν
404 1582 597 1639 α’κίνητον
644 1584 743 1625 καθ’
785 1581 887 1625 αὖτὸ
917 1598 962 1626 τε
1005 1581 1095 1638 ἅμα
1133 1586 1205 1626 καί
1234 1582 1336 1626 naui
1369 1581 1668 1639 συμβεβῆιιός),

207 1647 281 1704 τὴν
312 1650 349 1690 δ’
380 1650 448 1692 αἐἰ
471 1650 648 1707 τρεπτὴν
693 1649 763 1693 καί
807 1649 1042 1705 α’λλοιωτὴν
1071 1650 1140 1693 καί
1185 1650 1255 1693 ἀεὶ
1283 1653 1531 1707 κινουμένην
1559 1648 1666 1692 κατὰ

208 1789 364 1834 pientia,
398 1789 491 1824 iilius
516 1791 704 1834 sapientia,
730 1791 874 1835 spiritus
900 1796 1041 1826 sanctus
1067 1791 1258 1836 sapientia:
1284 1790 1460 1836 simulque
1491 1789 1665 1835 sapientia

209 1847 291 1876 una,
311 1842 350 1870 ut
370 1838 523 1872 essentia
548 1848 629 1880 una,
655 1849 772 1883 neque
792 1848 878 1872 vero
898 1839 1093 1882 sapientiae
1112 1844 1184 1872 tres
1201 1844 1239 1872 ut
1253 1849 1370 1883 neque
1385 1843 1456 1872 tros
1473 1838 1663 1873 essentiae.

211 1894 289 1917 cum
308 1884 417 1928 igitur
436 1884 530 1919 filius
557 1886 661 1919 dicit:
682 1896 748 1931 ego
775 1897 850 1920 sum
868 1886 1054 1929 sapientia,
1081 1891 1115 1919 et
1132 1896 1252 1920 rursus
1271 1884 1474 1929 apostolus:
1503 1884 1662 1920 Christus

211 1931 270 1964 dei
301 1932 459 1974 potentia
486 1937 520 1965 et
544 1933 600 1966 dei
629 1934 815 1976 sapientia,
844 1938 882 1966 ut
905 1943 948 1966 ex
974 1938 1072 1976 patre
1099 1933 1158 1977 qui
1196 1938 1249 1967 est
1273 1933 1432 1976 potentia
1458 1937 1492 1965 et
1516 1932 1664 1976 sapien-

214 1978 275 2019 tia,
302 1980 443 2021 genitus
469 1980 666 2023 cogitatur,
699 1985 739 2013 ut
762 1980 823 2013 lux
852 1991 871 2013 e
897 1980 978 2013 luce
1004 1985 1038 2013 et
1062 1981 1147 2014 deus
1177 1990 1195 2012 e
1220 1980 1300 2013 deo.
1362 1989 1431 2023 quo
1460 1979 1568 2023 igitur
1587 1979 1662 2011 im-

211 2025 352 2068 pietatis
377 2035 448 2058 non
474 2027 654 2069 procedat,
681 2028 710 2060 si
737 2029 816 2072 quis
842 2028 954 2069 dicat,
989 2028 1091 2060 deum
1119 2037 1197 2060 esse
1222 2027 1440 2071 suppositum
1466 2026 1662 2069 sapientiae

210 2077 372 2116 tanquam
387 2074 573 2115 accidenti,
591 2084 708 2118 neque
729 2075 936 2118 sapientiam
957 2084 1035 2107 esse
1059 2075 1175 2118 potius
1195 2075 1402 2108 essentiam:
1428 2082 1546 2117 neque
1559 2072 1661 2106 deum

213 2129 291 2153 esse
308 2125 346 2152 ut
362 2121 549 2153 essentiam
567 2131 662 2154 suam
677 2122 725 2154 ita
742 2122 844 2154 etiam
864 2121 1072 2165 sapientiam
1092 2131 1209 2155 suam:
1235 2121 1297 2155 sed
1312 2122 1347 2153 in
1364 2130 1405 2154 eo
1419 2120 1508 2153 utin
1525 2129 1662 2164 suppo-

211 2167 278 2200 sito
296 2172 458 2210 tanquam
479 2167 701 2201 artificiosam
726 2169 827 2202 istam
844 2169 1049 2212 sapientiam
1064 2169 1100 2201 in
1119 2168 1232 2201 animo
1249 2168 1398 2201 humano
1414 2167 1483 2199 hoc
1498 2167 1588 2200 enim
1605 2166 1662 2200 fa-

212 2223 294 2246 cere
311 2215 414 2246 etiam
428 2224 573 2258 magnus
581 2215 794 2249 Athanasius
808 2216 951 2260 regulas
971 2221 1005 2248 et
1026 2215 1126 2260 leges
1141 2215 1406 2258 philosophicas
1423 2215 1584 2248 veritatis
1599 2224 1661 2247 se..

213 2266 313 2294 cutus
341 2261 447 2294 vaide
471 2267 579 2304 vetat,
607 2268 642 2295 et
660 2263 851 2306 impietatis
870 2263 1060 2306 participes
1081 2263 1195 2296 reddit
1214 2268 1344 2295 sectam
1369 2270 1488 2294 eorum
1503 2266 1660 2302 secutos,

211 2308 270 2351 qui
285 2309 320 2340 in
335 2308 401 2341 deo
412 2309 533 2342 dicant
545 2319 623 2342 esse
636 2311 843 2353 sapientiam
857 2315 895 2343 ut
906 2309 1059 2342 habitum
1070 2309 1287 2343 accidentem
1299 2314 1334 2342 et
1345 2318 1415 2342 non
1428 2309 1659 2349 accidentem,

209 2364 326 2398 neque
353 2365 440 2388 vero
465 2356 578 2399 ipsum
605 2366 683 2390 esse
708 2357 927 2400 sapientiam.
955 2356 1012 2389 hic
1035 2357 1142 2401 igitur
1158 2367 1235 2389 cum
1261 2357 1432 2399 sapientia
1446 2355 1492 2389 sit
1514 2355 1659 2398 duplex,
1702 2380 1715 2398 ,

210 2400 321 2434 altera
347 2413 471 2437 creans
508 2408 543 2436 et
564 2404 675 2447 prima
709 2410 743 2437 et
770 2404 902 2437 faciens
922 2415 950 2446 ‚·
969 2404 1081 2436 altera
1115 2409 1252 2445 creata,
1293 2408 1328 2436 et
1353 2403 1509 2447 itemque
1548 2402 1661 2435 attera

215 2450 436 2493 excogitans,
464 2450 575 2484 altera
601 2452 814 2495 excogitata,
843 2457 878 2484 et
905 2451 988 2483 item
1013 2451 1125 2484 altera
1150 2458 1405 2494 progenerans,
1431 2450 1543 2483 attera
1568 2449 1659 2482 effe-

213 2501 279 2537 cta,
306 2498 465 2540 sequitur
502 2502 540 2530 ut
567 2497 665 2531 iliius
700 2499 838 2543 quidem
864 2499 910 2531 sit
935 2499 1075 2542 genitor
1101 2503 1136 2531 et
1170 2503 1269 2541 pater
1293 2498 1393 2538 deus,
1417 2496 1520 2530 huius
1543 2501 1659 2529 autem

210 2542 338 2575 artifex
367 2549 401 2576 et
429 2550 579 2587 creator,
611 2550 645 2578 et
670 2551 708 2579 ut
721 2551 909 2589 propterea
929 2545 1049 2578 harum
1068 2546 1114 2579 sit
1130 2545 1242 2578 altera
1267 2544 1421 2578 essentia
1445 2545 1659 2587 sempiterna

214 2594 249 2622 et
273 2590 413 2623 immota
440 2597 476 2624 et
514 2592 752 2634 immutabilis,
779 2603 855 2626 cum
883 2598 1045 2636 oporteat
1080 2602 1159 2625 esse
1182 2592 1325 2624 omnino
1352 2591 1540 2624 essentiam
1569 2600 1660 2635 quae

212 2637 379 2670 universa
408 2639 555 2682 primum
581 2646 723 2673 moveat
755 2640 929 2672 immotam
965 2645 1001 2673 et
1032 2650 1095 2683 per
1128 2649 1167 2673 se
1194 2643 1229 2671 et
1253 2648 1317 2682 per
1342 2639 1522 2680 accidens,
1547 2636 1659 2671 altera

211 2688 327 2717 autem
352 2695 490 2729 semper
516 2687 695 2720 mutabilis
733 2692 768 2720 et
792 2686 933 2721 mobilis
961 2692 995 2720 et
1031 2696 1169 2731 semper
1193 2691 1285 2719 mota
1310 2686 1499 2719 secundnm
1525 2684 1659 2718 similes

214 2731 275 2778 qui
300 2731 554 2767 increationem
582 2739 616 2767 at
642 2735 828 2769 essentiam
853 2740 887 2769 et
913 2735 1070 2770 ordinem
1096 2734 1182 2769 fiunt
1203 2738 1396 2780 proventus
1424 2741 1543 2767 eorum
1567 2740 1659 2779 quae
