1826 3120
299 197 392 245 182
695 198 989 246 NicEPflom
1034 196 1339 242 GREGORAE

290 307 473 362 ἀπείρως
511 305 658 360 ἔχουσι
698 308 780 349 τῶν
823 305 1098 359 βαρβαρικῶν
1127 305 1327 359 ἐξαίφνης
1358 303 1551 360 ἐφόδων,
1578 307 1750 352 τοιαῦτα
1798 350 1800 352 ,

287 372 402 427 παρὰ
432 375 573 416 πᾶσαν
606 375 754 415 ἐλπίδα
783 369 1087 424 ξυνεπεπτιόκει
1117 373 1285 423 παθεῖν,
1312 373 1624 426 Διδυμοτείχοιι
1644 389 1750 417 στα-

289 442 407 491 δίους
437 441 490 482 ου’
512 446 629 493 μεῖον
659 440 893 494 ἀπέχουσιν
926 434 951 493 ἢ
983 437 1218 492 τριάκοντα.

239 517 269 551 S
424 508 568 549 Ταῦτα
598 508 736 548 πᾶσαν
768 505 1050 563 Παλαιολόγῳ
1093 508 1323 559 συνέτριψε
1355 508 1512 562 κίνησιν
1524 510 1749 573 λογισμῶν

285 572 561 626 α’κουσθέντα,
589 589 657 614 και
680 574 819 614 πᾶσαν
844 571 1063 629 α’φήρηται
1083 570 1302 623 σώζουσαν
1322 561 1593 627 προσδοκίαν.
1621 571 1779 628 ἔτυχεδ

283 639 363 695 γὰρ
394 645 485 688 ταῖς
515 640 775 694 ἀστυγείτοσι
797 640 1025 695 τηνικαῦτα
1057 639 1201 681 πόλεσι
1225 642 1375 694 χρείας
1404 639 1649 692 ἡστινοσοῦν
1677 643 1745 683 ἐν..

285 707 509 760 διατρίβων
539 701 668 761 αλλης
698 704 850 747 ἕνεκα·
915 706 963 763 τῇ
1005 707 1044 747 δ’
1091 705 1294 764 ὑστεραία
1336 708 1396 755 εἰς
1434 704 1745 761 Διδυμότειχον

283 773 500 827 ἐπανήκων
529 774 635 830 νόσῳ
657 788 737 814 τινι
771 775 1012 827 περιπίπτει
1036 772 1107 814 διὰ
1138 771 1214 827 τὴν
1244 773 1395 828 λύπην.
1430 767 1478 827 ἧς
1499 772 1572 814 κατ’
1597 773 1741 828 βραχύ

282 836 387 892 μετὰ
417 840 529 893 μῆνα
562 837 738 895 ραΐσας,
781 833 910 896 ᾤχετο
952 838 1091 881 α’πιών
1127 837 1170 889 ἐς
1212 841 1419 894 παράλιον
1464 839 1586 896 πόλιν
1611 836 1744 884 Αἶνον

283 903 412 960 αὐτὴν
440 908 716 960 καλουμένην.
788 900 815 964 ᾗ
853 922 921 948 και
962 906 1071 963 αυτῇ
1099 904 1252 960 μικρὸν
1291 893 1616 963 ἐνδιατετριφαὶς
1649 922 1742 949 τινα
1757 919 1800 955 10

281 971 458 1026 χρόνον,
490 967 634 1015 ἄπεισι
660 968 855 1016 κάκεῖθεν
886 971 1122 1022 διαπόντιος
1160 974 1202 1021 ἐς
1235 973 1412 1026 Λῆμνον
1439 973 1515 1028 τὴν
1538 975 1674 1028 νῆσον,
1700 975 1743 1016 ἐν

280 1040 337 1094 νῷ
366 1037 473 1092 ἔχων
503 1042 707 1092 ξυμμῖξαι
735 1040 1038 1094 παραπλεύσας
1067 1038 1139 1081 καὶ
1168 1038 1414 1097 πατριάρχῃ
1443 1042 1500 1098 τῷ
1527 1042 1598 1094 τῆς
1622 1039 1745 1083 Ἀλε-

281 1104 518 1159 ξανδρείας,
554 1105 632 1159 πρὸ
660 1108 844 1165 βραχέος
868 1107 942 1148 καί
962 1106 1074 1164 αὐτῷ
1095 1103 1449 1149 καταπεπλευκὸτι
1479 1109 1522 1156 ἐς
1539 1101 1666 1150 ”Aaou
1693 1106 1738 1149 τὸ

281 1166 387 1224 ὅρος.
447 1172 486 1212 Γ
484 1172 679 1227 ρηγόριον
726 1173 772 1215 δὲ
804 1176 877 1215 καί
914 1175 1056 1215 τοῦτον
1090 1172 1324 1226 ὁμωνύμως
1364 1175 1505 1232 ἐκείνῳ
1534 1177 1646 1230 φασί
1673 1189 1743 1216 κε-

281 1239 463 1291 κλῆσθαι
493 1240 549 1295 τῷ
581 1240 690 1281 πάνυ
720 1243 911 1291 κοσμίως
934 1240 1033 1290 τούς
1070 1239 1403 1294 πατριαρχικοὺς
1446 1242 1517 1295 τῆς
1546 1241 1797 1293 Ἀλεξαν-Ῑδ

281 1305 425 1358 δρείας
452 1302 598 1354 οἴακας
627 1303 823 1349 ἰθύναντι
854 1305 1064 1361 πρότερον,
1096 1301 1147 1348 οὗ
1175 1308 1248 1362 τῆς
1269 1309 1406 1364 σοφῆς
1427 1304 1595 1360 ὁμιλίας
1631 1308 1739 1349 ἄπο-

279 1374 526 1413 λελαυκέναι
553 1373 684 1424 κᾶμοί
709 1373 934 1430 τετύχηκεν
950 1371 1117 1427 ἱκανῶς,
1147 1373 1269 1431 ὁπότε
1291 1375 1361 1429 τῆς
1387 1375 1587 1430 πατρίδος
1615 1373 1740 1432 ἔκδη-

276 1453 355 1491 μος
383 1436 560 1493 γεγονώς
589 1437 668 1493 ἐγώ
699 1438 886 1498 περιῄειν
915 1440 1137 1495 Αἴγυπτόν
1165 1457 1209 1484 τε
1254 1440 1324 1483 καί
1344 1441 1577 1495 γἈραβίαν,
1606 1438 1663 1491 ὥς
1691 1446 1743 1497 γέ

226 1520 264 1553 ο
275 1521 350 1561 μοι
379 1507 451 1546 καί
478 1504 679 1560 πρότερον
706 1505 885 1562 εἴρηται.
958 1509 1116 1550 ἐκείνου
1159 1511 1305 1561 μέντοι
1338 1506 1442 1560 μετά
1471 1524 1562 1550 τινα
1590 1514 1736 1552 τελευ-

274 1572 476 1627 τήσαντος
503 1571 656 1625 χρόνον
688 1575 834 1616 τοῦτον
864 1574 1106 1628 ἐτετυχήκει
1126 1576 1200 1617 τοῦ
1223 1572 1380 1628 θρόνου
1411 1574 1607 1628 γενέσθαι
1637 1573 1736 1617 διοί-
1748 1585 1793 1620 20

276 1642 413 1694 δοχον,
444 1641 516 1680 νῦν
542 1640 581 1679 δ’
609 1639 874 1683 α’πεστάλθαι
904 1642 1132 1695 πρεσβείαν
1156 1642 1379 1693 Ῥωμαίων
1405 1642 1626 1693 κομίζοντα
1655 1645 1738 1693 βα-

274 1711 391 1748 σιλεῖ’
415 1704 521 1757 πρὸς
547 1707 623 1746 τοῦ
651 1708 721 1758 τῆς
742 1705 964 1759 Αἰγύπτου
996 1711 1069 1749 καί
1093 1707 1295 1762 Ἀραβίας
1326 1705 1525 1761 ἡγεμόνος
1555 1705 1734 1765 ἁπάσης.

274 1770 381 1825 μετὰ
414 1774 553 1825 μέντοι
581 1770 655 1826 τὴν
688 1771 847 1815 ἐκεῖθεν
876 1775 1063 1829 α’κηκοὼς
1092 1772 1236 1826 ἔξοδον
1262 1772 1315 1815 τοὶ
1340 1773 1560 1827 Ῥωμαίων
1583 1790 1737 1829 συγκε-

274 1838 439 1893 χύσθαι
469 1838 696 1894 πράγματα
727 1838 801 1881 καί
825 1840 1066 1892 στασιάζειν
1094 1842 1161 1896 ἐφ’
1185 1838 1323 1885 ,ἑαυτά
1355 1841 1454 1895 περὶ
1480 1843 1554 1896 τῆς
1584 1839 1732 1898 α’ρχῆς,

277 2011 536 2046 consuetudine
562 2012 705 2058 cognita
730 2018 872 2057 praeter
897 2013 1005 2048 ullam
1035 2013 1239 2058 opinionem
1274 2013 1364 2048 haec
1391 2013 1597 2048 acciderunt
1620 2014 1734 2059 Didy-

275 2059 454 2093 moteicho
481 2058 628 2093 aberant
656 2070 726 2094 non
751 2061 866 2094 minus
893 2071 994 2106 quam
1020 2062 1165 2106 triginta
1189 2062 1313 2096 stadia.

406 2122 467 2155 His
493 2122 621 2155 auditis
649 2122 854 2167 Palaeologi
881 2123 1110 2157 consiliorum
1147 2125 1237 2157 ratio
1260 2124 1462 2168 perturbata
1502 2129 1556 2158 est
1583 2130 1618 2158 et
1643 2125 1730 2159 sub..

273 2167 347 2202 lata
372 2170 484 2202 omnis
510 2180 591 2213 spes
619 2170 755 2203 salutis.
806 2176 841 2203 et
868 2171 903 2203 in
927 2171 1057 2204 vicinis
1081 2171 1224 2204 urbibus
1249 2171 1339 2205 alius
1359 2172 1411 2204 rei
1436 2182 1542 2205 causa
1571 2182 1730 2206 commo..

273 2221 368 2249 ratus
394 2217 563 2260 postridie
589 2217 813 2261 profecturus
828 2218 1132 2261 Didymoteichum
1161 2218 1206 2251 ob
1230 2219 1406 2252 tristitiam
1432 2220 1467 2252 in
1491 2219 1648 2253 morbum
1671 2220 1730 2253 in-

274 2263 370 2296 cidit.
429 2272 497 2307 quo
535 2269 573 2297 ut
598 2275 636 2297 se
674 2264 832 2307 levaret,
861 2270 941 2308 post
966 2275 1120 2298 mensem
1145 2266 1181 2298 in
1207 2266 1411 2299 maritimam
1442 2266 1563 2299 urbem
1591 2267 1728 2300 Aenum

273 2310 486 2344 nominatam
510 2311 609 2353 abiit,
639 2312 697 2345 ubi
724 2311 904 2355 paululum
933 2317 1086 2346 moratus
1113 2312 1278 2346 Lemnum
1303 2312 1450 2346 insulam
1477 2313 1659 2347 contendit
1685 2324 1727 2347 eo

273 2362 371 2391 certe
398 2357 551 2391 consilio
579 2364 617 2391 ut
652 2359 743 2392 inter
764 2360 1028 2404 navigationem
1068 2354 1300 2402 patriarcham
1331 2359 1609 2394 Alexandrinum
1637 2371 1727 2394 con-

272 2405 438 2445 veniret,
477 2405 537 2448 qui
568 2406 709 2450 quidem
734 2407 811 2450 ipse
836 2406 938 2440 brevi
971 2411 1075 2440 antea
1099 2407 1142 2440 ad
1174 2411 1326 2444 montem
1351 2407 1445 2441 Atho
1478 2407 1725 2452 navigaverat,

272 2461 375 2496 quem
405 2451 610 2495 Gregoriam
637 2454 753 2487 ferunt
775 2454 1001 2495 nominatum,
1027 2463 1095 2498 quo
1120 2454 1262 2487 nomine
1287 2464 1371 2487 usus
1401 2449 1455 2488 est
1480 2454 1544 2489 ille
1570 2456 1630 2499 qui
1658 2465 1724 2488 an-

270 2503 329 2532 tea
354 2499 625 2542 prudentissime
650 2500 885 2544 patriarchica
908 2500 1147 2546 gubernacula
1161 2500 1399 2535 Alexandriae
1423 2506 1598 2535 tenuerat.
1625 2503 1724 2536 cuius

271 2545 532 2588 sapientissimo
569 2557 732 2581 sermone
756 2548 840 2581 mihi
867 2558 1007 2592 quoque
1037 2547 1104 2581 frui
1132 2548 1304 2592 contigit,
1332 2558 1435 2592 quum
1466 2549 1580 2592 patria
1602 2559 1723 2583 remo-

270 2597 327 2626 tus
352 2593 388 2627 in
412 2594 612 2637 Aegyptum
657 2600 693 2628 et
716 2595 904 2636 Arabium,
934 2600 971 2628 ut
997 2595 1063 2627 iam
1090 2599 1193 2628 antea
1217 2595 1309 2636 dixi,
1347 2595 1608 2638 proficisceres.
1657 2596 1721 2630 illo

270 2649 357 2673 vero
384 2645 463 2684 post
489 2639 538 2673 ali
566 2642 658 2686 quod
685 2647 820 2696 tempus
846 2647 983 2676 mortuo
1013 2642 1138 2676 factum
1166 2646 1240 2684 est,
1279 2647 1316 2676 ut
1342 2641 1400 2675 hic
1425 2643 1509 2676 sede
1536 2642 1599 2676 illa
1623 2644 1720 2686 poti-

268 2691 378 2720 retur.
427 2696 521 2720 nunc
549 2694 663 2722 autem
689 2689 815 2723 missus
848 2694 923 2723 erat
947 2688 989 2722 ab
1013 2689 1225 2733 imperatore
1247 2689 1404 2733 Aegypti
1437 2694 1472 2722 et
1496 2690 1602 2723 totius
1626 2690 1720 2740 Am.-

267 2732 349 2766 biae
374 2733 417 2766 ad
442 2733 658 2778 legationem
683 2736 761 2780 regi
786 2736 1019 2769 Romanorum
1044 2735 1280 2769 deserendam.
1330 2741 1481 2769 attamen
1506 2737 1588 2770 inde
1615 2732 1719 2780 quum

270 2784 364 2814 esset
391 2780 573 2824 profectus
602 2788 635 2816 et
660 2783 696 2816 in
723 2783 829 2819 rebus
855 2783 1089 2819 Romanorum
1120 2782 1419 2826 perturbationem
1448 2788 1482 2817 et
1510 2783 1718 2818 seditionem
