1826 3120
266 90 364 136 932
450 146 453 148 ,
523 147 526 150 ,
662 91 959 146 NJcsspnom
1003 91 1308 144 enecone

263 216 349 254 σεν,
379 197 404 256 ἢ
433 199 493 250 τίς
520 193 572 242 ἂν
597 199 703 254 ’ἔχει
743 198 865 254 χώρα
902 198 976 241 καί
1000 200 1125 254 χρεία
1162 195 1397 254 βαρβάροις
1436 200 1583 257 φέρειν
1613 197 1722 244 ‹5²16-
1775 247 1778 250 Α

264 269 414 322 δειγμα
442 265 546 321 πρὸς
570 268 768 308 πίστωσιν
814 267 897 307 τών
925 265 1040 322 αὐτῷ
1077 267 1308 320 λεγομένων
1350 265 1398 310 τοὶ
1427 270 1504 309 τοῦ
1530 268 1721 322 Χριστοῦ

263 333 514 389 παθήματα.
573 331 955 387 προσπαραγράφει
991 332 1029 373 δ’
1055 327 1146 386 ἑξῆς
1173 331 1245 374 καί
1270 331 1368 388 περὶ
1397 335 1480 376 τῶν
1509 333 1600 376 ἐκεῖ
1622 349 1722 389 xpc-7

263 402 458 451 στιανῶν,
489 395 601 447 ὅπως
630 397 832 446 λαθόντες
862 395 906 448 ἐξ
943 399 1137 452 α’πειρίας
1166 399 1352 449 ἐπαίνοις
1381 399 1597 455 ἐξαίρουσι
1625 403 1723 444 τοῦ-

263 483 355 522 τον,
387 463 518 517 διότι,
546 467 676 520 φασίν
700 496 710 514 ,
758 465 1038 520 ἀποκηρύττει
1080 465 1178 514 τούς
1219 467 1278 515 εἷς
1323 466 1621 521 ὖπερκειμένας
1649 471 1754 518 καί5

262 531 495 590 ὕφειμένας
520 533 721 585 α’πείρους
748 528 953 586 θεότητας
980 530 1050 574 τὸν
1081 530 1153 573 ἕνα
1176 531 1276 574 θεὸν
1312 522 1474 585 α’σεβιὸς
1499 535 1722 589 ’διαιροῦν-

175 609 248 643 14
262 616 348 648 τας.
405 602 479 641 καί
505 597 564 653 μὴ
598 599 885 651 ἀποδέχεσθαι
914 599 992 649 μέν
1022 614 1124 653 φησι
1160 597 1234 654 τὴν
1260 600 1342 640 τών
1373 601 1556 642 ἐπαίνων
1582 602 1721 643 αι’τιάν

779 666 797 676 αι
856 659 875 676 (Ι

262 666 319 715 ὥς
350 665 462 723 αὐτῷ
490 681 536 719 γε
569 660 825 718 οἷλυσιτελη,
856 681 965 716 ομως
995 667 1070 706 τοῦ
1098 667 1249 718 καιροῦ
1278 681 1319 707 τε
1363 667 1435 707 καί
1463 668 1536 720 τῆς
1570 669 1721 721 χρείας

263 735 394 788 ἕνεκα,
421 734 494 774 τοῦ
522 732 755 782 σιτίζεσθαι
801 730 907 784 πρὸς
940 733 1081 772 αυ’τὼ“ν
1111 727 1299 787 δηλαδη’,
1328 734 1494 774 σιωπᾶν
1521 730 1722 786 &named-3·

260 813 383 853 μενος
413 799 556 849 α’ξιόυς
587 796 772 851 κατάρας
802 795 1014 846 ἐπαίνους·
1071 798 1143 840 τὸν
1168 798 1247 853 γὰρ
1273 801 1356 862 ταῖν
1382 798 1570 852 ειῗσεβαῖν
1597 795 1722 854 ἔπαι-
1735 815 1778 851 10

263 882 332 908 νον
365 864 649 919 α’πατηθέντες
695 865 908 912 α’νοικείως
946 864 1111 905 ἐδίδουν
1160 864 1299 921 αὐτῷ,
1343 865 1606 919 ἐπαρώμενοι
1643 867 1721 920 μὲν

263 932 396 974 αὐτοῦ
432 933 483 989 τῇ
521 930 725 988 πολυθεΐᾳ
758 931 924 981 ἐκεῖνοι,
954 931 1199 985 α’γνοοῦντες
1231 934 1268 973 δ’
1297 929 1353 980 ὥς
1395 931 1520 981 αὐτός
1547 929 1660 974 ἔστιν
1688 925 1720 990 ᾧ

263 999 516 1051 ἐπαρῶνται.
593 993 704 1038 οὕτω
738 995 950 1046 πολύπους
988 1001 1050 1046 τίς
1081 998 1191 1039 ἐστιν
1230 996 1251 1039 ὅ
1282 998 1540 1054 κατάρατος,
1573 1000 1645 1041 καί
1674 1000 1718 1042 τὸ

240 1067 414 1123 Ιχρῶμα
446 1065 520 1118 τῆς
549 1064 714 1119 γνώμης
743 1059 924 1111 ἅστατος
961 1064 1033 1106 καί
1078 1066 1279 1119 α’βέβαιος
1297 1081 1307 1092 ·
1365 1067 1436 1108 καί
1462 1071 1550 1115 τοῖς
1580 1059 1719 1108 ἄλλοτ’

262 1127 406 1180 ἄλλοις
439 1136 600 1186 καιροῖς
629 1145 673 1172 τε
706 1133 778 1173 καί
809 1130 1024 1185 πράγμασι
1045 1131 1369 1188 προσφυόμενος
1397 1132 1502 1186 πρὸς
1531 1132 1719 1189 διάφορα
1736 1146 1778 1182 15

264 1198 336 1240 καί
361 1196 584 1251 μαχόμενα
616 1197 823 1252 χρώματί
847 1213 891 1239 τε
920 1197 993 1239 καί
1021 1198 1211 1253 σχήματι
1242 1198 1409 1253 γνώμης
1439 1198 1510 1241 καί
1533 1199 1720 1255 γλώττης

261 1265 419 1323 ῥᾳδίως
446 1264 772 1318 μεθαρμόζεταί
795 1280 840 1306 τε
869 1266 940 1306 καί
964 1268 1402 1320 μετασχηματίζεται·
1469 1267 1543 1307 καί
1569 1268 1621 1323 τῇ
1646 1269 1719 1308 τοῦ

1360 1328 1379 1344 (Ι

260 1332 410 1385 κυρίου
434 1333 605 1389 παιδείᾳ
635 1334 929 1373 νουθετεῖσθαι
961 1333 1038 1373 οὐκ
1070 1331 1193 1385 οἶδεν,
1225 1332 1317 1373 ἀλλ’
1346 1348 1484 1387 ωσπερ
1512 1329 1564 1374 ἂν
1593 1331 1638 1376 εἴ
1658 1349 1720 1382 τις

261 1400 345 1439 ταῖν
377 1397 672 1452 α’νδροφόνων,
713 1395 912 1451 α’γόμενος
951 1399 1011 1447 εἰς
1053 1397 1341 1452 δεσμωτήριον
1382 1396 1716 1441 &arausicana

258 1469 497 1520 σωφρονεῖν
526 1466 601 1506 τοῦ
632 1465 779 1505 λοιποῦ
822 1463 895 1505 καί
922 1466 1115 1521 λῃστείας
1154 1465 1418 1521 α’φίστασθαι
1446 1463 1596 1521 πάσης,
1627 1464 1651 1506 ὃ
1679 1468 1774 1514 δ’20

260 1529 417 1580 αὐτούς
446 1546 490 1572 τε
522 1530 694 1586 ἐφόνευε
717 1529 815 1580 τούς
846 1530 1084 1586 ἀπάγοντας
1118 1532 1191 1573 καί
1216 1528 1298 1590 ὅτῳ
1327 1527 1378 1573 ἂν
1407 1532 1602 1591 α’παντιρη
1633 1534 1714 1574 τῶν

259 1595 523 1651 παριόντων,
553 1594 673 1651 [οὕτω
700 1597 771 1639 κατ’
804 1592 927 1647 οὗτος
963 1593 1061 1640 οὔτε
1102 1599 1378 1651 κολαζόμενος
1420 1602 1587 1655 φρίττει
1619 1595 1715 1641 οὔθ’

258 1659 340 1704 find
372 1665 476 1705 θεοῦ
505 1662 831 1717 νουθετούμενος
857 1667 1148 1717 νουθετεῖται,
1188 1664 1280 1706 ἀλλ’
1312 1668 1542 1715 ακολαστος
1570 1666 1614 1707 ἐν
1642 1681 1716 1706 κο-

259 1730 466 1789 λαστηρίῳ
496 1734 613 1784 μένει
655 1729 729 1786 τὴν
760 1731 950 1787 γνώμην,
985 1731 1240 1780 α’παίδευτος
1283 1733 1322 1774 δ’
1353 1733 1398 1774 ἐν
1428 1733 1713 1791 παιδευτηρίῳ

258 1935 373 1970 debat.
401 1935 491 1969 baec
516 1939 597 1968 sunt
622 1934 810 1968 coniuncta
835 1934 1018 1969 mendacia
1042 1935 1184 1979 ineptae
1207 1933 1306 1968 illius
1332 1933 1489 1979 linguae.
1513 1935 1592 1980 quis
1623 1936 1714 1970 enim

259 1993 365 2017 ausus
389 1983 497 2016 fuerit
522 1983 565 2015 ad
593 1981 702 2015 verba
730 1992 792 2015 sua
816 1982 972 2016 barbaris
998 1981 1188 2025 probanda,
1214 1982 1244 2015 si
1271 1982 1412 2016 occasio
1440 1982 1539 2016 adest
1563 1982 1622 2017 vel
1646 1994 1715 2017 ne-

260 2031 409 2063 cessitas
437 2029 568 2064 Christi
606 2030 790 2072 passiones
824 2030 860 2062 in
895 2029 1093 2072 exemplum
1134 2038 1319 2063 revocare.
1383 2035 1568 2072 praeterea
1592 2030 1716 2064 scribit

259 2077 302 2110 de
332 2076 541 2111 Christianis
566 2075 664 2110 illius
690 2076 861 2120 regionis,
889 2077 981 2121 quod
1007 2076 1101 2109 hunc
1122 2076 1237 2120 ignari
1262 2075 1424 2109 laudibus
1442 2076 1604 2118 efferunt,
1633 2077 1715 2121 quia

260 2124 443 2158 annuntiat
478 2132 565 2164 eos,
601 2123 723 2168 quiin
748 2124 934 2167 superiora
971 2128 1006 2156 et
1039 2123 1209 2156 inferiora
1244 2123 1360 2156 invisa
1386 2124 1529 2157 numina
1553 2124 1724 2167 improbe

259 2171 421 2204 dividunt
446 2180 552 2203 unum
589 2171 703 2203 deum.
756 2176 791 2203 et
815 2181 854 2204 se
879 2180 951 2204 non
977 2171 1141 2213 accipere
1164 2169 1251 2202 vdicit
1276 2169 1398 2203 laudes
1427 2170 1584 2204 inutiles.
1634 2181 1713 2204 nam

257 2219 417 2251 virorum
444 2217 581 2259 piorum
606 2216 746 2250 laudem
772 2217 912 2260 decepti
950 2222 984 2250 et
1011 2216 1099 2250 falso
1128 2217 1161 2249 ei
1187 2216 1422 2260 praestabant.
1475 2218 1713 2251 exsecraban-

257 2269 314 2297 tur
342 2265 418 2297 eius
443 2263 630 2296 multorum
656 2263 801 2297 deorum
828 2263 973 2306 cultum,
999 2264 1060 2298 sed
1087 2274 1164 2296 eum
1197 2264 1322 2306 ipsum,
1351 2274 1453 2307 quem
1479 2275 1713 2298 exsecraren-

256 2316 313 2345 tur
336 2310 556 2345 nesciebant.
607 2316 659 2344 tot
685 2310 790 2344 habet
815 2311 923 2355 pedes
948 2312 991 2353 is,
1018 2321 1120 2355 quem
1155 2315 1393 2344 exsecrantur.
1446 2316 1481 2344 et
1506 2311 1606 2345 color
1632 2312 1714 2356 opi-

256 2359 374 2392 nionis
402 2363 455 2391 est
479 2357 636 2391 infirmus
664 2363 699 2391 et
728 2359 858 2391 varius.
887 2363 922 2391 et
946 2357 1026 2391 aliis
1053 2357 1268 2401 temporibus
1297 2356 1449 2401 aliisque
1474 2358 1510 2391 in
1537 2358 1642 2392 rebus
1672 2359 1713 2392 ad

257 2405 398 2439 diversa
425 2410 460 2437 et
495 2405 687 2449 pugnantia
721 2404 870 2438 inclinat
903 2405 995 2449 quod
1028 2404 1071 2438 ad
1096 2403 1249 2438 habitum
1276 2403 1503 2448 coloremque
1538 2406 1713 2449 opinionis

256 2457 362 2496 atque
387 2452 531 2495 linguae
561 2452 698 2485 attinet.
725 2457 876 2485 mutatur
899 2458 1015 2486 autem
1041 2450 1217 2496 aliamque
1243 2450 1372 2494 accipit
1397 2451 1553 2485 formam.
1586 2458 1621 2486 et
1645 2453 1712 2487 do..

256 2500 342 2532 mini
368 2499 590 2532 institutione
618 2499 795 2538 emendari
827 2498 953 2532 nescit.
980 2498 1042 2532 sed
1067 2498 1352 2542 quemadmodum
1377 2499 1406 2532 si
1434 2500 1512 2543 quis
1539 2499 1713 2534 homicida

258 2546 430 2579 deductus
459 2546 494 2579 in
521 2556 700 2580 carcerem
737 2547 879 2580 nescius
904 2547 941 2578 in
964 2546 1080 2580 futuro
1107 2555 1191 2579 sana
1215 2547 1332 2579 mente
1371 2546 1422 2579 uti
1449 2551 1484 2579 et
1510 2548 1591 2580 exui
1618 2548 1711 2580 omni

258 2592 473 2634 latrocinio,
495 2594 573 2628 'sed
608 2594 704 2637 ipsos
729 2593 837 2627 duces
874 2594 1042 2628 interficit
1079 2597 1113 2625 et
1137 2602 1380 2636 quemcunque
1412 2595 1710 2637 praetereuntium

263 2640 439 2683 attingere
465 2645 606 2683 potest,
634 2641 682 2673 ita
709 2641 812 2674 etiam
850 2640 914 2674 ille
938 2642 1079 2685 punitus
1104 2648 1175 2672 non
1208 2640 1324 2673 tremit
1351 2643 1385 2672 et
1418 2650 1438 2672 a
1462 2640 1528 2674 deo
1558 2641 1710 2674 monitus

261 2695 333 2726 non
359 2690 533 2731 monetur,
559 2687 621 2722 sed
647 2686 814 2722 indomita
840 2687 1009 2734 opinione
1040 2687 1076 2722 in
1105 2696 1249 2722 carcere
1272 2691 1409 2732 manet,
1436 2697 1518 2722 non-
1532 2687 1710 2724 institutus
