1826 3120
235 146 329 200 184
480 136 485 141 '
622 155 927 200 ‘NlCEPHOm
969 153 1272 197 GREGORAE

233 263 488 319 ὄρθοδόξων,
520 265 573 305 δι’
615 265 801 318 ἐφέσεως
848 256 897 315 ἦν
942 260 1144 315 ὁμιλῆσαι
1174 262 1248 302 καί
1273 261 1380 319 τῷδε
1407 262 1586 317 τάνδρί,
1615 259 1688 304 καί

229 332 342 374 τοῦτ’
374 329 477 373 αὐτὸ
514 329 699 383 μαθόντι
741 331 904 382 πρῶτον
937 325 1065 368 ἔπειτ’
1096 327 1272 381 ἐρέσθαι
1302 327 1374 369 καί
1398 327 1459 370 ὅτι
1487 325 1683 382 βούλοιτο

229 398 268 440 οἱ
289 394 341 440 τοὶ
363 400 434 452 τῆς
453 398 690 452 πρεσβείας,
724 411 791 436 και
823 392 923 449 πρός
941 389 1039 448 ’γε“
1015 410 1094 436 οσα
1115 400 1200 442 τοῖς
1227 394 1431 444 τοιούτοις
1460 391 1589 438 ἓπὸιτ’
1619 391 1683 438 ἅν.

230 463 301 507 διὰ
346 464 398 519 δὴ
439 461 568 506 ταῦτα’
605 460 643 504 οἱ
678 478 746 504 και
782 458 889 504 ειναι
920 464 1239 514 συντεθειμένον
1271 460 1429 517 α’κὴκοα
1471 459 1541 503 τὸν
1561 456 1684 505 'Aaou

229 528 513 586 παραπλεόντι
556 545 624 570 και
667 544 780 583 παρα
823 528 893 570 τὸν
929 529 1113 571 τοιοῦτον
1161 526 1264 569 ὁδοῦ
1304 528 1510 584 πάρεργον
1551 522 1718 584 ανδρα5

231 598 433 655 α’φΐχθαι.

93 687 96 690 -
142 671 215 706 12
366 662 531 706 Τούτων
566 657 617 705 δ’
649 659 762 705 οὕτω
803 665 1047 719 φερομένων
1084 658 1173 717 ἥκει
1202 678 1263 712 τις
1299 664 1345 705 ἐκ
1378 663 1686 718 Θεσσαλονίκης

227 731 280 774 τοί
312 737 354 772 τε
380 726 487 772 ἄλλα
518 731 741 784 α’γγέλλων,
773 731 844 771 καί
874 725 941 770 ὅτι
960 731 1110 782 βιαίως
1138 731 1184 771 έκ
1217 732 1374 771 πολλοῦ
1403 732 1475 772 καί
1500 728 1594 772 λίαν
1619 745 1686 771 πι-

227 799 336 852 κρῶς
381 797 669 852 ἀπορραγῆναι
710 798 787 849 μὲν
827 796 1058 838 κινδυνεύει
1100 799 1176 838 τοῦ
1220 798 1291 851 ζῆν
1335 798 1576 853 Παλαμᾶς,
1610 797 1687 838 οιῖκ

228 863 541 918 οἷπορρήγνυται
573 864 631 918 δέ,
662 862 768 905 ἀλλὰ
797 868 929 905 κεῖται
957 865 1208 916 παρειμένος
1253 861 1326 905 καί
1349 866 1481 918 χείρω
1511 861 1744 918 πάσχωνίθ

224 930 391 985 μυρίων
419 929 631 972 θανάτων.
693 930 961 984 έξωγκῶσθαι
1002 928 1083 984 γάρ
1124 930 1241 987 αὐτῷ
1268 928 1343 983 τὴν
1369 931 1552 984 γαστέρα
1579 928 1689 986 φασὶ

226 994 269 1045 ἐς
293 996 336 1038 τὸ
368 994 477 1037 πάνυ
510 1013 549 1038 τι
595 993 884 1052 ὑπερβάλλον,
934 998 1005 1037 καί
1032 993 1122 1047 ἅμα
1165 999 1398 1051 παρεῖσθαι
1435 1001 1585 1050 χεῖρας
1617 995 1690 1039 καί

227 1060 376 1114 πόδας,
409 1062 465 1112 ὥς
491 1062 619 1117 μικροὶ
653 1059 680 1118 ἢ
707 1064 839 1118 μηδὲν
867 1061 978 1118 πλὴν·
1001 1065 1083 1116 [tofi
1128 1062 1332 1104 οἷναπνεῖν
1361 1064 1580 1119 διαφέρειν
1597 1063 1687 1104 «τῶν

227 1132 359 1171 λίθων
390 1131 449 1178 εἰς
478 1127 524 1171 τὸ
556 1131 765 1184 α’κίνητον.
837 1131 1128 1185 ἐκφραγέντων
1167 1130 1204 1170 δ’
1246 1128 1361 1187 αὐτῷ
1401 1130 1473 1171 καί
1502 1131 1586 1171 τῶν
1613 1129 1686 1182 τῆς

226 1197 385 1246 κοιλίας
419 1199 612 1251 ἐντέρων,
638 1199 710 1237 καί
750 1197 792 1245 ἐς
834 1194 877 1238 τό
911 1192 1000 1238 ἅνω
1029 1198 1353 1251 ἐστραμμένων,
1383 1195 1452 1238 διὰ
1492 1196 1568 1238 τοῦ
1594 1194 1687 1237 θαί-
1700 1207 1742 1242 15

225 1277 352 1316 ρακος
391 1258 521 1311 αὖθις
563 1263 664 1304 κατὰ
694 1259 945 1318 παλίρροιαν
977 1262 1170 1317 Εὐρίπου
1214 1264 1331 1318 δίκην
1374 1262 1604 1319 ἀναφέρειν
1644 1264 1684 1312 ἐς

225 1327 271 1371 τὸ
305 1327 441 1382 στόμα
471 1332 542 1372 καί
571 1329 832 1382 α’ποπέμπειν
869 1331 1031 1371 ἐκεῖθεν
1068 1330 1411 1386 ἀναγκαζομένην
1453 1329 1526 1385 τὴν
1555 1326 1686 1385 φύσιν

224 1395 270 1437 τὸ
300 1398 373 1451 τῆς
403 1395 583 1451 γαστρὸς
612 1394 827 1450 κοπρῶδες
856 1399 1096 1451 περίττωμα
1125 1398 1234 1450 πᾶν,
1263 1399 1335 1439 καί
1359 1398 1554 1451 γίνεσθαι
1586 1397 1687 1445 τέως

226 1462 317 1505 α’ντί
345 1465 419 1518 τῆς
447 1465 575 1519 ἕδρας
603 1466 654 1521 τῇ
683 1463 812 1519 φύσει
832 1462 876 1505 τὸ
909 1462 1047 1516 στόμα
1079 1461 1403 1517 διακονούμενον
1434 1463 1477 1513 ἐς
1506 1463 1583 1512 τὰς
1612 1464 1686 1517 τῆς

226 1529 405 1583 γαστρὸς
434 1531 640 1579 δυσώδεις
670 1532 855 1585 κηλῖδας.
1697 1538 1743 1574 20

141 1605 213 1640 18
355 1595 491 1654 Ὁρᾷς,
519 1590 554 1639 αἶ
584 1600 762 1653 φίλτατε
790 1596 1095 1652 Ἀγαθάγγελε,
1123 1598 1211 1647 πῶς
1240 1591 1402 1639 ἄνωθεν
1433 1597 1458 1652 ἦ
1489 1597 1586 1639 θεία
1611 1612 1686 1638 τα·

226 1664 414 1706 λαντεύει
446 1663 538 1719 δίκη
565 1664 609 1706 τὸ
640 1663 777 1718 χρεών
809 1666 914 1706 κα’πι“
943 1666 1047 1722 τῷδε
1087 1665 1257 1721 τᾶνδρί,
1286 1665 1357 1707 ἵνα
1387 1663 1433 1706 τὸ
1466 1665 1539 1718 τῆς
1570 1664 1688 1719 α’φα-

224 1732 323 1779 νοῦς
353 1732 497 1786 ψυχῆς
525 1732 739 1784 δυσῶδες,
780 1728 835 1780 ὥς
863 1718 999 1783 ἔοικε,
1042 1732 1167 1786 δῆλον
1207 1732 1286 1773 κάκ
1318 1733 1402 1787 ,τῆς
1447 1728 1686 1785 αἰσθήσεως

225 1966 379 2001 brandae
404 1965 509 1998 ritum
537 1975 628 2006 eum,
660 1966 719 2009 qui
744 1966 780 1999 in
806 1965 1080 1999 orthodoxorum
1096 1965 1286 2009 metropoli
1314 1964 1497 2010 regnabat,
1523 1969 1683 2008 potestus

228 2019 303 2047 erat
330 2012 565 2046 conveniendi
595 2012 688 2045 hunc
717 2013 831 2046 virum
862 2018 897 2045 et
922 2024 1026 2057 quum
1053 2012 1199 2056 primum
1225 2012 1362 2046 audivit
1386 2012 1500 2046 statim
1526 2013 1683 2045 interro-

226 2060 332 2106 gandi
359 2070 436 2093 eum
464 2065 499 2093 et
523 2069 612 2103 quae
639 2059 753 2093 vellet
777 2059 912 2104 legatio
943 2065 978 2093 et
1002 2070 1092 2104 quae
1117 2064 1301 2102 praeterea
1325 2063 1527 2104 quaereret.
1557 2069 1682 2103 quam-

227 2107 348 2141 obrem
375 2107 602 2140 constituisse
630 2117 708 2140 eum
733 2107 852 2141 audivi
878 2111 996 2140 monte
1020 2106 1114 2141 Atho
1140 2111 1281 2150 praeter
1308 2107 1476 2150 navigato
1501 2106 1544 2140 ad
1569 2107 1682 2140 virum

226 2154 326 2188 illum
356 2164 400 2187 ex
424 2154 552 2186 itinere
578 2154 769 2197 proficisci.

359 2212 458 2254 Quae
483 2222 587 2256 quum
612 2213 661 2246 ita
687 2217 817 2254 essent,
852 2213 952 2246 venit
975 2214 1113 2258 quidam
1152 2223 1196 2246 ex
1219 2211 1400 2246 Thessalia
1426 2217 1461 2246 et
1485 2212 1556 2246 alia
1584 2213 1683 2247 refe-

226 2269 308 2293 rens
336 2265 371 2292 et
399 2258 509 2300 illud,
535 2259 663 2293 iamdiu
688 2269 734 2292 ne
761 2259 993 2294 vehementer
1020 2266 1054 2294 et
1080 2259 1184 2294 valde
1218 2260 1347 2293 acriter
1373 2269 1392 2292 e
1418 2260 1493 2293 vita
1519 2260 1683 2303 eripere-

226 2311 305 2348 tur,
347 2307 382 2339 in
406 2306 567 2349 periculo
609 2307 745 2340 versari
771 2305 965 2349 Palamam3
1001 2318 1072 2341 non
1100 2306 1239 2351 quidem
1265 2307 1463 2340 decessisse
1489 2317 1591 2349 eum,
1620 2307 1682 2341 sed

227 2354 349 2387 fractis
387 2352 521 2387 viribus
555 2354 673 2386 iacere
710 2359 744 2386 et
778 2354 872 2387 ferre
904 2356 982 2398 ipsa
1008 2359 1119 2388 morte
1145 2353 1337 2386 acerbiora.
1403 2359 1562 2387 ventrem
1590 2355 1682 2388 enim

227 2401 347 2434 dicunt
372 2401 414 2433 ad
439 2401 646 2434 immensum
672 2401 748 2433 fere
768 2402 984 2444 accrevisse,
1009 2413 1050 2435 ac
1077 2400 1178 2435 simul
1197 2400 1355 2433 manibus
1381 2405 1416 2434 et
1443 2398 1592 2444 pedibus
1616 2401 1681 2434 de-

224 2447 401 2481 bilitatum
437 2458 514 2480 eum
552 2448 600 2481 ita
637 2453 674 2480 ut
698 2448 791 2491 quod
824 2448 866 2481 ad
903 2449 1122 2492 torpedinem
1157 2448 1311 2491 pertinet
1342 2447 1483 2490 paulum
1519 2453 1580 2481 aut
1605 2447 1681 2481 fere

225 2494 317 2528 nihil
349 2505 369 2527 a
402 2493 577 2537 lapidibus
613 2496 683 2528 nisi
708 2495 801 2539 quod
839 2495 989 2538 spiraret
1021 2495 1196 2535 differret3
1236 2494 1434 2528 visceribus
1470 2494 1620 2528 reclusis
1647 2500 1682 2528 et

225 2551 290 2585 per
322 2541 503 2574 thoracem
541 2541 693 2585 repulsis
727 2542 769 2574 ad
811 2544 921 2575 instar
953 2542 1075 2586 Euripi
1112 2546 1245 2574 aestum
1284 2542 1540 2584 reciprocantis
1565 2542 1682 2575 omnia

225 2589 361 2621 ventris
387 2587 563 2631 superflua
589 2589 670 2622 inde
697 2589 739 2622 ad
774 2599 869 2622 orem
904 2590 1025 2623 reduci
1061 2594 1207 2622 naturae
1243 2589 1459 2621 necessitate
1485 2594 1520 2622 et
1544 2589 1680 2632 podicis

224 2634 307 2668 loco
334 2645 354 2668 a
380 2640 505 2668 natura
531 2645 627 2668 orem
653 2635 813 2669 adhiberi
840 2637 881 2670 ad
909 2637 1117 2680 excipienda
1143 2636 1278 2669 ventris
1305 2641 1540 2669 excrementa.

356 2692 476 2734 vides,
506 2694 687 2727 carissime
714 2694 973 2739 Agathangele,
1001 2694 1174 2738 quomodo
1207 2693 1327 2727 divina
1351 2692 1416 2726 illa
1440 2694 1573 2727 iustitia
1599 2693 1680 2728 huic

226 2749 366 2786 quoque
403 2739 536 2774 homini
570 2745 700 2776 sortem
734 2741 966 2786 pependerit,
990 2742 1048 2784 gita
1085 2745 1122 2774 ut
1155 2740 1292 2776 animae
1334 2750 1423 2786 quae
1449 2740 1583 2785 adspici
1609 2750 1679 2776 non
