1826 3120
269 148 366 202 296
656 142 972 201 'mcm’nom
1011 153 1316 199 enecone

266 264 396 309 πολλοὶ
429 265 502 308 καί
541 270 628 315 τοῖς
666 267 799 314 θείοις
836 262 1046 318 πατράσιν
1087 263 1298 305 ἀκώλυτον
1341 260 1441 318 ἔσχε
1478 262 1526 307 τὸ
1568 261 1747 321 ocyus...

268 348 475 389 χωρηκος.

178 414 250 449 80
389 395 525 455 Ἐχων
566 401 603 441 δ’
634 398 713 453 ἐγώ
749 399 821 440 καί
857 398 981 452 ἕτερα
1003 402 1174 440 πλεῖστα
1205 404 1464 452 προενεγκεῖν
1501 402 1620 458 σοιφῆΙ
1650 402 1724 444 καί

266 469 586 523 ἀναμφιλέκτως
608 465 824 507 δεικνύντα
845 465 898 521 τῇ
916 465 1038 522 ου’σίᾳ
1065 462 1218 506 ταῦτόν
1240 461 1346 506 εἶναι
1371 463 1447 520 τὴν
1464 467 1585 508 θείαν
1603 467 1723 531 ἐνέρ-

264 549 380 588 γειαν
419 534 490 574 καί
528 527 628 586 ὅλην
679 533 892 585 ἐνέργειαν
935 529 1006 572 καί
1051 529 1387 585 αὕτοενέργειαν,
1426 533 1608 587 παρίημι
1647 530 1754 574 διάδ

264 602 437 654 πλῆθος,
472 600 616 654 α’ρκεῖν
643 597 871 652 ἡγούμενος
900 599 1035 639 ταῦτα
1074 597 1123 654 τῇ
1156 595 1348 655 παρούσῃ
1389 599 1545 656 σχεδίῳ
1569 599 1722 657 σχολῇ·

264 666 477 720 εἰρήσεται
511 667 551 708 δ’
587 660 662 707 οὖν
699 664 801 714 ἴσως
847 666 924 707 κοῖν
950 670 1047 713 ,τοῖς
1072 662 1208 720 ίὲξῆς,
1263 663 1480 719 προϊόντος
1520 667 1597 708 τοῦ
1623 670 1723 723 περὶ

262 735 333 788 τῆς
363 733 558 789 τοιαύτης
575 734 784 787 ἐνεργείας
814 732 955 787 λόγου.
1014 733 1089 774 νῦν
1111 733 1157 773 δὲ
1185 733 1365 774 δεικτέον
1393 733 1582 777 ἐστι’,κοὶἰ
1607 729 1720 784 ὅπως

259 798 364 852 μετὰ
408 802 744 856 προσδιορισμοῦ
780 803 909 856 φασίν
953 799 992 843 οἱ
1031 803 1142 842 θεῖοι
1179 803 1357 855 πατέρες
1395 801 1466 845 καί
1508 798 1580 843 τὸν
1623 801 1719 844 υἱὸν

262 868 335 908 καί
363 864 407 909 τό
445 863 563 921 ἅγιον
592 868 755 919 πνεῦμα
797 869 1009 922 ἐνέργειαν
1036 869 1109 909 καί
1137 866 1478 921 αυ’τοενέργειαν“,
1522 861 1718 922 ἑκάτερον
1733 870 1776 905 10

251 931 569 988 προσηκόντως.
639 932 713 976 καί
750 936 848 989 περί
885 936 964 987 μὲν
991 935 1068 976 τοῦ
1099 932 1201 976 υἱοῦ
1234 930 1254 974 ὅ
1282 936 1397 984 θεῖός
1439 931 1550 977 οὕτω
1589 933 1718 991 φησίν

259 995 515 1048 Ἀθανάσιος
545 996 649 1041 “οὕκ
687 1000 926 1056 ἀμφίβολον
969 997 1030 1043 ὅτι
1066 997 1194 1049 αὐτός
1233 1001 1346 1042 ἐστιν
1386 997 1409 1054 ἧ
1443 1002 1519 1043 τοῦ
1558 993 1720 1056 πατρὸς

254 1065 378 1116 ζῶσα
406 1065 539 1120 βουλή
571 1066 643 1108 καί
671 1066 857 1117 ἐνούσιος
888 1069 1073 1121 ἐνέργεια
1102 1068 1175 1109 καί
1200 1066 1319 1120 λόγος
1349 1064 1583 1122 α’ληθινός.”
1622 1067 1721 1122 περί

174 1147 247 1180 39
262 1132 308 1173 δὲ
337 1132 411 1173 τοῦ
439 1132 677 1186 πνεύματος
706 1131 726 1174 ὅ
761 1132 891 1183 αυ’τός
921 1131 1028 1176 οὕτω
1067 1133 1195 1190 φησίν
1219 1130 1339 1182 “ἑνὸς
1371 1127 1489 1191 ὄντος
1518 1135 1595 1176 τοῦ
1623 1130 1718 1174 υἱοῦ

258 1199 335 1239 τοῦ
354 1198 503 1249 ζῶντος
533 1198 669 1256 λόγου,
686 1203 789 1253 μίαν
808 1195 913 1242 εἶναι
933 1203 1004 1242 δεῖ
1015 1202 1174 1242 τελείαν
1192 1202 1263 1242 καί
1280 1194 1415 1255 πλήρη
1431 1197 1504 1254 τήν
1523 1199 1718 1254 ἇγιαστι-
1733 1205 1775 1239 15

258 1261 334 1318 κὴν
362 1263 435 1305 καί
460 1265 715 1320 φωτιστικὴν
741 1266 864 1322 ζωήν,
894 1261 1026 1309 οὖσαν
1045 1269 1254 1322 ἐνέργειαν
1284 1267 1417 1308 αὐτοῦ
1442 1269 1515 1308 καί
1542 1264 1716 1321 δωρεάν,

259 1329 351 1384 ἥτις
374 1327 418 1371 ἐκ
447 1329 606 1385 πατρὸς
636 1334 799 1386 λέγεται
830 1331 1178 1388 ἐκπορεύεσθαι.”
1250 1330 1464 1388 Κύριλλος
1494 1333 1532 1374 δ’
1562 1331 1717 1386 ὅμοίως

260 1397 332 1439 καί
359 1397 486 1446 αὕτός
524 1397 627 1440 ἐκαὶ
664 1398 685 1440 ὅ
732 1397 823 1448 υἱός
866 1401 980 1442 ἐστί’
1009 1402 1137 1456 φησίν
1167 1397 1221 1455 “rJ
1255 1402 1369 1452 ζῶσα
1413 1399 1485 1442 καί
1510 1400 1717 1455 ου’σιοόδης

258 1464 445 1519 ἐνέργεια
494 1464 567 1507 καί
596 1467 777 1518 δυ’ναμις
817 1466 890 1508 καί
922 1468 1056 1522 σοφία
1097 1471 1174 1509 τοῦ
1203 1466 1373 1522 πατρὸς.
1433 1468 1619 1520 ἐνέργεια
1647 1469 1719 1509 καί

259 1530 335 1570 τοῦ
365 1528 463 1571 υἱοῦ
508 1529 553 1572 τὸ
586 1531 823 1584 πνεῦματὸ
854 1530 1006 1586 ἇ’γιον”.
1057 1534 1242 1586 ἐνέργεια
1272 1535 1431 1587 λέγεται
1459 1531 1584 1588 κου”ἧ
1615 1529 1773 1575 ἑκά-20

257 1611 341 1653 στῳ
372 1597 453 1638 τῶν
484 1593 615 1640 ὅντων
645 1597 799 1641 ἐνοῦσα
829 1600 987 1655 φυσική
1020 1600 1221 1653 δύναμις,
1272 1597 1328 1649 ὥς
1356 1599 1400 1642 τό
1433 1600 1715 1654 θερμαντικὸν

257 1664 314 1719 τῷ
341 1663 448 1718 πυρὶ
494 1667 568 1706 καί
593 1663 639 1707 τὸ
688 1664 890 1720 ψυκτικὸν
928 1668 979 1722 τῇ
1018 1665 1133 1721 χιόνι
1179 1669 1252 1708 καί
1293 1665 1338 1708 τὸ
1381 1664 1628 1722 αἰσθητικὸν
1657 1666 1716 1724 τῷ

168 1745 244 1780 40
258 1726 367 1788 ζω’ῳ,
395 1732 466 1773 καί
493 1733 549 1788 τῷ
577 1734 814 1788 ἐνεργοῦντι
859 1731 903 1775 τὸ
943 1734 1213 1789 ἐνεργητικόν.
1237 1746 1239 1749 ’
1275 1735 1439 1789 λέγεται
1468 1733 1542 1775 καί
1567 1730 1612 1775 τὸ
1643 1733 1715 1788 τῆς

256 1877 393 1915 altioris
429 1881 644 1926 cognitionis
670 1882 768 1917 illius
802 1882 940 1917 referre
974 1892 1165 1926 conamur,
1199 1883 1342 1918 minime
1378 1884 1499 1918 mirari
1533 1883 1712 1920 debemus.

258 1926 347 1960 haec
375 1928 466 1961 enim
492 1928 702 1974 plerumque
727 1931 832 1964 etiam
858 1931 988 1965 divinis
1012 1930 1169 1975 patribus
1196 1930 1309 1964 libera
1335 1931 1401 1965 fuit
1425 1931 1609 1967 licentias.

393 1991 479 2026 Cum
505 1993 609 2026 etiam
643 1993 714 2027 alia
741 1993 891 2038 plurima
919 2005 1009 2039 quae
1035 1995 1210 2039 proferam
1246 1994 1331 2027 mihi
1356 1995 1565 2039 fsuppetant,
1591 2002 1712 2040 aperta

259 2042 294 2071 et
320 2048 410 2081 quae
436 2039 485 2071 ita
511 2045 552 2072 ut
575 2041 723 2074 refutari
750 2051 821 2074 non
847 2043 1012 2085 possint,‘
1041 2041 1203 2085 probent,
1231 2052 1307 2075 cum
1334 2043 1489 2076 essentia
1514 2043 1606 2076 idem
1633 2054 1712 2078 csse

258 2084 411 2118 divinam
440 2086 689 2130 efficientiam,
715 2093 750 2121 ct
775 2089 977 2123 universam
1005 2089 1231 2122 efficientiam
1258 2089 1360 2123 etiam
1385 2090 1497 2132 ipsius
1526 2090 1602 2124 eius
1630 2091 1712 2124 effi-

259 2132 437 2174 cientiam‚
466 2139 611 2177 propter
636 2134 894 2168 multitudinem
921 2136 1057 2177 omitto,
1086 2147 1162 2169 curn
1181 2136 1269 2169 haec
1294 2136 1461 2169 sufficere
1486 2142 1604 2180 putem
1629 2137 1712 2171 huic

258 2178 441 2223 colloquio
471 2181 715 2224 extemporali.
767 2182 929 2216 dicentur
955 2183 1064 2227 igitur
1090 2183 1240 2216 fortasse
1268 2183 1371 2216 etiam
1409 2188 1532 2227 postea
1557 2194 1711 2229 progre-

258 2225 377 2259 diente
404 2227 447 2260 de
475 2227 537 2260 tali
565 2229 757 2262 efficientia
795 2230 970 2263 oratione.
1020 2241 1112 2263 nunc
1150 2235 1265 2263 autem
1306 2230 1613 2264 demonstrandum
1644 2237 1709 2274 est,

258 2273 433 2316 quomodo
459 2274 593 2308 adscita
618 2275 824 2309 definitione
842 2276 952 2310 divini
978 2282 1095 2320 patres
1122 2282 1157 2310 et
1181 2276 1290 2310 filium
1310 2281 1344 2310 et
1368 2277 1527 2320 spiritum
1554 2276 1711 2312 sanctum

254 2325 387 2353 vocent
414 2320 641 2355 efficientiam
677 2328 712 2356 et
738 2333 857 2356 eorum
891 2324 1047 2367 ipsorum
1075 2324 1320 2365 efficientiam,
1355 2329 1541 2368 utrumque
1567 2335 1710 2359 accom-

254 2367 406 2400 modate.
459 2373 565 2412 atque
591 2370 634 2403 de
662 2369 737 2403 filio
764 2370 903 2414 quidem
930 2371 1142 2405 Athanasius
1168 2371 1308 2404 divinus
1342 2371 1390 2404 ita
1415 2371 1518 2405 dicit:
1545 2381 1617 2405 non
1642 2373 1711 2406 du-

253 2412 347 2446 bium
376 2419 443 2456 est,
470 2416 554 2459 quin
580 2415 644 2449 ille
670 2417 716 2450 sit
741 2417 849 2460 patris
875 2418 959 2451 viva
982 2417 1159 2459 voluntas,
1188 2422 1222 2450 et
1246 2418 1288 2450 ad
1315 2418 1502 2452 essentiam
1528 2420 1709 2463 pertinens

256 2459 474 2503 efficientia,
514 2467 549 2495 et
572 2464 662 2496 ratio
690 2474 788 2497 vera.
839 2464 882 2497 de
916 2465 1042 2508 spiritu
1072 2470 1187 2498 autem
1219 2464 1309 2497 idem
1336 2466 1385 2498 ita
1411 2465 1596 2509 loquitur:
1631 2477 1709 2500 cum

255 2517 345 2540 unus
371 2508 418 2541 sit
441 2508 535 2542 filius
561 2510 651 2543 ratio
679 2511 784 2553 viva,
808 2521 910 2544 unam
938 2517 1080 2555 oportet
1096 2511 1287 2555 perfectam
1314 2516 1348 2544 et
1376 2511 1516 2555 plenam
1547 2523 1625 2547 esse
1651 2513 1710 2547 vi-

254 2559 322 2586 tam
367 2554 465 2588 illam
501 2557 718 2591 sanctificam
763 2563 798 2590 et
821 2558 1023 2600 lucentem,
1057 2569 1134 2591 cum
1167 2558 1213 2592 sit
1251 2557 1443 2592 efficientia
1470 2560 1544 2593 eius
1573 2565 1608 2593 et
1633 2560 1708 2601 dos,

256 2611 347 2644 quae
371 2611 392 2633 a
416 2607 517 2646 patre
541 2604 670 2637 dicitur
696 2605 889 2649 proficisci.
948 2605 1103 2648 Cyrinus
1142 2610 1256 2638 autem
1282 2605 1390 2639 simili
1415 2607 1516 2640 modo
1545 2612 1579 2639 et
1607 2607 1709 2650 ipse,

256 2652 292 2680 et
319 2647 435 2690 filius,
464 2650 599 2694 inquit,
630 2657 683 2685 est
720 2652 804 2686 viva
832 2657 867 2685 et
907 2653 1083 2685 essentiae
1121 2649 1248 2686 similis
1282 2652 1474 2686 efficientia
1513 2658 1548 2686 et
1580 2653 1635 2686 vis
1675 2658 1710 2685 et

254 2695 431 2737 sapientia
460 2698 594 2739 patris,
623 2698 815 2732 efficientia
843 2699 946 2732 etiam
974 2698 1039 2732 filii
1067 2703 1120 2732 est
1144 2698 1288 2742 spiritus
1315 2705 1467 2733 sauctus.
1519 2699 1710 2733 efficientia

257 2740 386 2774 dicitur
413 2743 517 2776 etiam
543 2744 611 2789 vis,
639 2756 728 2791 quae
759 2746 886 2791 cuique
912 2745 965 2779 rei
991 2756 1010 2780 a
1035 2750 1160 2781 natura
1184 2746 1303 2789 inest,
1330 2751 1367 2779 ut
1395 2746 1449 2782 vis
1477 2746 1708 2781 calefaciendi
