1800 3132
264 134 329 186 38
671 137 967 186 Niczrnom
1012 134 1318 182 GREGORAE

263 314 366 361 θέας
397 314 470 354 καί
499 312 690 392 ὁμιλίας,
733 312 788 361 ὥς
818 309 1010 367 ἔφθημεν
1040 306 1272 389 εἰρηκότεςζ
1321 311 1375 352 δι’
1402 308 1542 365 ἔρωτα
1564 313 1754 370 >capsum-3

262 379 475 458 μείζονος,
513 378 615 429 ἴσως
654 380 700 420 δὲ
727 377 800 420 καί
844 372 971 431 αλλης
1015 375 1119 431 πρός
1157 391 1321 426 τουτοις
1347 378 1495 432 χρείας
1521 378 1596 419 και
1618 378 1755 426 θέας
1744 379 1777 408 ’ἓ

265 442 402 488 ὁπόσα
428 444 503 501 τήν
532 445 781 496 Βυζαντίων
813 440 1040 497 κεκτῆσθαι
1069 440 1214 485 πόλιν’
1222 443 1449 496 συμβαίνει
1477 445 1562 487 τῶν
1586 436 1753 485 αλλων.

266 514 469 567 ἐξαί.ρετα
528 512 604 554 νῦν
632 511 670 551 δ’
703 512 747 552 ἐν
776 505 932 564 ἀκαρεῖ
954 510 1156 551 τάναντια
1195 524 1376 551 νικωντα
1406 505 1616 563 θεωμενος
1647 493 1775 586 ute-1²,

267 578 442 634 ριαλγής
468 574 530 633 ἧν,
562 594 630 618 και
663 574 841 630 ἐδάκρυε
869 577 948 628 μὲν
968 573 1042 630 τήν
1063 575 1293 628 εὕσέβειαν
1313 571 1368 624 ἐς
1398 572 1510 617 οὕτω
1529 587 1732 654 περιφα-

267 647 348 693 νοός
386 646 691 686 συνελαθεῖσαν
729 643 1029 696 ἐκριπισθέντα
1069 641 1261 683 κίνδυνον
1309 635 1485 695 τρόποις
1517 656 1590 684 που
1621 643 1727 691 θεοίἰΙ
1762 643 1763 646 ’

266 708 616 763 συγχωρήσαντος
658 703 913 762 ἀπορρήτοις
933 740 944 761 ,
988 706 1168 761 ἐδάκρυε
1199 706 1236 748 δ’
1285 701 1422 756 αλλὼς
1453 707 1525 749 καί
1554 704 1625 748 τόν
1653 704 1731 748 σόν
1763 739 1765 741 .

267 774 542 830 ὑφορώμενος
571 771 770 851 θ7άνατον,
801 771 844 815 τὸ
876 777 952 814 τοῦ
982 776 1060 816 σοῦ
1097 773 1204 815 κατά
1233 773 1334 815 θεὸν
1365 770 1492 827 ζήλου
1520 772 1744 833 διάπυρον
1765 773 1787 823 ζ

269 843 419 884 ἐννοῶν
442 874 452 891 ,
485 839 558 882 καί
583 835 682 895 ὅσην
708 838 780 894 τήν
812 838 1005 883 ἔνστασιν
1043 839 1150 895 ὑπὲρ
1181 841 1262 882 τῶν
1299 842 1485 894 πατρίων
1515 839 1731 882 ὃνδείκνυ-
1755 855 1789 872 ι

272 911 378 951 σθαι
407 909 574 960 μέλλεις
602 908 820 984 δογμάτων
849 923 952 961 αχρι
981 906 1184 949 θανατου.
1478 947 1479 950 ,

409 975 500 1016 Και
529 975 574 1015 τί
599 975 667 1015 δεῖ
684 971 819 1015 πάντα
851 975 1049 1024 διεξιέναι
1092 973 1191 1015 καθ’
1229 974 1410 1026 ἕκαστα,
1443 967 1521 1029 ’ὅσα
1551 974 1627 1028 τῆς
1653 972 1776 1028 νή-

273 1058 351 1085 σου
383 1043 499 1083 δυοῖν
530 1041 608 1094 οὐχ
641 1034 771 1096 ηττον.
788 1041 900 1083 ἐτῶν
928 1038 1196 1094 τεθεάμεθα,
1239 1039 1375 1083 ὅπόσα
1415 1026 1569 1083 πόλεσί
1587 1055 1631 1082 τε
1661 1041 1765 1083 καί
1766 1062 1793 1100 g:

272 1111 413 1163 λιμέσι
439 1106 511 1150 καί
543 1102 622 1149 ὅσα
652 1105 701 1162 δή
730 1113 823 1157 ταῖς
851 1104 1001 1156 ἄλλαις
1029 1105 1229 1162 πρόσεστι
1247 1103 1412 1161 χώραις
1439 1104 1530 1149 ἐκεῖ
1551 1104 1606 1153 τὰ
1627 1104 1794 1167 χρή-χ’

274 1192 392 1231 σιμα,
421 1177 503 1218 τῶν
531 1173 770 1228 ἔμπροσθεν
798 1171 1081 1216 α’νθελκὸντων
1106 1174 1216 1228 ἡμᾶς
1244 1173 1294 1215 οὔ
1321 1174 1485 1229 μικρῶν
1512 1172 1733 1228 ὑπαρχόν-

275 1258 373 1285 των.
433 1240 499 1284 διὸ
529 1242 687 1284 τούτων
717 1240 1003 1295 ἀποσχόμενος
1034 1240 1264 1282 ἐπανόδου
1269 1239 1552 1295 μεμνήσομαι.
1770 1228 1797 1296 ’7

189 1323 261 1358 15
396 1305 523 1363 ”Apu
553 1310 692 1351 τοίνυν
723 1310 797 1350 τοῦ
825 1308 946 1363 ἡλίου
976 1323 1072 1363 περι
1107 1305 1265 1363 τροπάς
1299 1309 1523 1362 γενομένου
1552 1306 1630 1358 τὰς
1657 1310 1736 1349 8⁶-
1767 1319 1782 1350 2

275 1376 409 1433 ρινάς,
441 1375 583 1430 ἐπειδή
615 1391 661 1430 γε
692 1376 906 1428 α’παιρειν
933 1373 1134 1428 ε’μελλον,
1170 1390 1272 1430 αχρι
1300 1375 1467 1428 λιμένος
1505 1373 1659 1423 ἐκεῖνός
1681 1388 1736 1427 με
1757 1362 1800 1438 »33¹

275 1443 545 1497 προύπεμπεν
576 1441 597 1484 ὅ
626 1441 751 1492 καλός
780 1443 820 1483 Γ
818 1457 1005 1498 εωργιος,
1039 1436 1235 1496 δακρυων
1265 1456 1309 1484 τε
1347 1442 1420 1483 καί
1443 1442 1578 1496 μέσην
1605 1442 1737 1484 εἰπεῖν

277 1507 525 1562 τεμνόμενος
555 1507 629 1564 τήν
656 1510 835 1563 καρδίαν
869 1509 992 1567 τιρμῷ
1019 1510 1248 1565 χωρισμῷ,
1282 1523 1393 1550 ωστε
1422 1507 1495 1549 καί
1522 1508 1597 1562 τῆς
1626 1468 1800 1612 ἦμᾶςβηὲ

278 1574 460 1630 α’γούσης
490 1573 681 1628 ὁλκάδος,
713 1574 858 1630 ἐπειδή
888 1591 935 1629 γε
966 1575 1195 1619 α’νεπέτασε
1225 1591 1274 1617 τα
1305 1572 1471 1630 ἱστίἀ,
1484 1588 1610 1630 ουρια
1637 1589 1738 1630 εφι-
1790 1593 1800 1639 3

1788 1640 1800 1663 3

279 1643 393 1697 είσης
429 1643 500 1683 ἐπι
525 1640 570 1684 τό
603 1643 822 1698 πέλαγος,
869 1638 1096 1695 θεώμενος
1124 1641 1271 1684 ἵστατο
1310 1642 1441 1697 μέχρι
1483 1642 1644 1683 πολλοῦ
1667 1655 1736 1695 με,
1779 1668 1795 1678 4ι

1749 1690 1800 1778 5

280 1820 418 1845 mecum
443 1819 482 1844 se
509 1809 757 1853 navigaturum
783 1809 864 1843 inde
889 1809 1042 1843 abeunte
1067 1819 1180 1854 usque
1205 1808 1427 1853 Byzantium,
1454 1813 1494 1843 ut
1517 1813 1554 1842 te
1574 1809 1739 1854 adspice..
1779 1775 1800 1819 ’ἓ

282 1862 338 1892 ret
361 1862 492 1901 tuaque
519 1856 776 1889 consuetudine
802 1862 975 1898 uteretur,
1004 1862 1043 1889 ut
1068 1866 1174 1900 supra
1199 1857 1267 1889 iam
1293 1857 1442 1890 diximus
1458 1880 1469 1897 ,
1500 1856 1645 1890 maioris
1678 1852 1756 1891 sti-¹

283 1905 441 1948 pientiae
468 1903 660 1946 cupiditate
686 1904 809 1936 ductus
829 1927 839 1944 ,
867 1903 1016 1937 fortasse
1046 1904 1151 1937 etiam
1183 1908 1222 1936 ut
1245 1908 1432 1947 praeterea
1464 1901 1535 1937 alia
1569 1903 1740 1948 quaedam

280 1951 428 1995 negotia
457 1954 596 1982 curaret
625 1954 659 1981 et
684 1960 740 1983 res
766 1948 924 1983 illustres
950 1955 1055 1994 atque
1083 1950 1247 1995 egregias
1273 1950 1460 1991 inviseret,
1485 1960 1570 1994 quas
1580 1960 1665 1995 prae
1676 1961 1740 1991 ee·

283 1998 369 2031 teris
393 1997 643 2039 Byzantiorum
670 1996 751 2029 urbs
784 1997 953 2039 possidet.
1003 2002 1075 2029 tum
1099 2006 1186 2030 vero
1211 1996 1481 2040 brevitempore
1495 2007 1638 2040 prorsus
1650 2007 1740 2031 con-

282 2050 337 2078 tra
362 2053 420 2077 res
446 2043 620 2076 cecidisse
647 2043 784 2084 videns,
810 2053 937 2087 magno
965 2042 1090 2076 dolore
1116 2043 1293 2077 cruciatus
1317 2042 1554 2077 illacrimabat
1569 2043 1740 2089 religioni

284 2092 320 2124 in
347 2089 544 2134 periculum
571 2089 774 2136 compulsae
799 2090 987 2123 manifesto
1014 2091 1151 2124 areanis
1178 2090 1234 2124 dei
1257 2090 1293 2124 id
1320 2090 1533 2125 admittentis
1545 2091 1739 2125 rationibus
1763 2090 1766 2091 ⁷

286 2137 486 2171 conflatum.
515 2136 749 2170 illacrimabat
775 2138 878 2170 etiam
904 2138 1007 2171 morti
1026 2142 1119 2178 tuae,
1148 2147 1251 2181 quam
1277 2137 1533 2181 suspicabatur,
1559 2148 1663 2183 quum
1675 2148 1739 2172 co-
1757 2152 1767 2160 0

286 2186 416 2229 gitaret
453 2194 555 2227 quam
581 2184 706 2217 ardens
734 2194 819 2227 erga
844 2184 946 2217 deum
974 2185 1125 2218 studium
1159 2193 1332 2228 quamque
1367 2194 1563 2228 pugnacem
1588 2187 1740 2219 conten-

286 2232 419 2265 tionem
444 2240 508 2274 pro
534 2231 658 2274 patriis
685 2231 856 2275 dogmatis
891 2241 1002 2275 usque
1031 2231 1074 2264 ad
1101 2236 1248 2264 mortem
1278 2230 1496 2265 exhibiturus
1524 2241 1636 2267 esses.

420 2287 488 2322 Sed
514 2288 597 2332 quid
622 2288 749 2321 attinet
771 2289 886 2322 omnia
911 2288 1114 2333 singulatim
1140 2288 1299 2331 referre,
1337 2299 1427 2333 quae
1460 2289 1496 2322 in
1527 2289 1593 2323 illa
1625 2289 1743 2324 insula
1778 2262 1800 2334 Ξ

286 2344 359 2368 ιιοῃ
382 2335 498 2368 minus
523 2334 658 2368 duobus
687 2336 786 2369 annis
811 2336 1022 2377 viderimus,
1049 2345 1138 2381 quae
1164 2337 1343 2370 commoda
1368 2341 1558 2380 suppetunt
1597 2336 1742 2372 urbibus
1780 2339 1800 2375 T-

288 2382 459 2425 portubus
504 2381 655 2426 aliisque
691 2382 807 2424 locis,
847 2393 951 2427 quum
983 2382 1075 2416 haud
1106 2393 1220 2426 pauca
1254 2382 1297 2416 ad
1339 2385 1568 2418 enarrandum
1607 2388 1743 2418 restent
1779 2375 1800 2425 ’ζξ

287 2438 425 2473 nosque
450 2428 682 2472 protrahant?
732 2439 840 2473 quare
874 2430 973 2464 hisce
999 2430 1103 2464 rebus
1127 2430 1243 2464 missis
1270 2430 1504 2474 profectionis
1528 2431 1742 2464 mentionem
1772 2425 1800 2483 Ξ

290 2476 428 2509 faciam.
1798 2494 1800 2504 ,

1791 2523 1800 2539 ἒ

1783 2587 1800 2621 Ξ

1776 2705 1800 2737 5

1787 2748 1800 2790 ἐ

1763 1864 1800 2070 §.14‘23'2Qzss24342
1770 1848 1794 1856 ν’
1790 1831 1797 1841 »2

1782 2095 1800 2140 afr»
1786 2076 1800 2081 .·

423 2532 545 2567 Statim
571 2535 679 2579 igitur
704 2541 785 2579 post
809 2535 998 2570 solstitium
1024 2536 1197 2570 aestivum
1222 2546 1327 2580 quum
1354 2536 1611 2580 profectionem
1635 2546 1742 2579 para-
1786 2542 1800 2583 ζ.

290 2590 385 2622 rem,
423 2582 573 2623 optimus
601 2581 775 2627 Georgius
801 2582 987 2617 lacrimans
1022 2588 1056 2617 et
1080 2583 1195 2616 medio
1221 2584 1358 2625 animo,
1384 2588 1423 2616 ut
1450 2583 1500 2616 ita
1534 2583 1670 2625 dicam,
1697 2583 1742 2616 ob

292 2637 409 2660 meum
447 2628 640 2662 discessum
674 2630 776 2664 fissus
814 2640 926 2673 usque
968 2631 1010 2663 ad
1047 2634 1184 2673 portum
1228 2640 1284 2663 me
1320 2629 1622 2674 prosequebatur,
1660 2629 1742 2671 ubi,
1775 2635 1800 2673 ξ

297 2684 403 2719 quum
429 2676 610 2718 navigium
635 2682 792 2711 nostrum
818 2676 910 2711 velis
935 2677 1048 2719 passis
1072 2676 1224 2711 secunda
1248 2682 1457 2721 tempestate
1483 2677 1519 2711 in
1529 2676 1638 2713 altum
1654 2686 1743 2721 pro-
1768 2684 1800 2710 *ἡ

295 2720 451 2764 volaret,
478 2722 537 2755 diu
563 2723 676 2757 stabat
702 2722 816 2760 oculis
841 2734 898 2757 me
921 2723 1319 2769 insequensmultasque
1342 2723 1503 2759 lacrimas
1514 2724 1744 2768 profundens,
1785 2743 1787 2746 <

1793 2937 1800 2951 a..
1780 2819 1800 2928 nstv-'dus
