1826 3120
1568 0 1705 43 :oqwq
1711 3 1723 22 ἰ
1729 15 1733 18 ⁴
1744 0 1746 3 ·

288 101 385 159 256
509 96 512 98 ’
690 105 984 149 NICEPHORI
1028 92 1331 148 GREGORAE
1374 99 1386 116 ¹
1568 87 1638 169 52*
1679 90 1686 94 “’

287 214 358 270 νῷ,
386 210 624 268 πεφυκυίας
660 213 738 264 μὲν
782 208 838 258 ὥς
867 210 918 252 τὰ
962 208 1092 252 πολλὰ
1133 215 1218 260 τοῖς
1260 209 1420 264 μεταξύ
1449 212 1530 254 τῶν
1557 209 1750 268 δρώντων

261 280 360 327 Ικαί
403 278 626 333 ὁρωμένων
670 284 853 326 τοπικοῖς
894 279 1176 332 διαστήμασιν
1214 277 1485 334 ἀπατᾶσθαι,
1527 279 1750 335 ἐφιεμένης

288 347 328 387 δ’
358 340 494 394 ἄλλως
526 343 779 399 ὁθενδήποτε
809 346 884 386 καί
911 343 1180 398 ὁπωσδήποτε
1216 345 1432 402 συλλέγειν
1461 360 1503 387 τε
1544 346 1617 399 τῆς
1643 337 1750 400 ‹Itq-

288 416 408 461 θείας
438 411 532 466 ἴχνη
575 427 643 452 και
683 410 845 459 εἰκόνας
875 409 1116 452 ὁποιασοῦν
1155 413 1227 453 καί
1256 409 1306 452 τὰ
1341 413 1414 466 τῆς
1450 408 1656 467 τοιαύτης·
1678 413 1750 454 ιά-

287 495 450 542 τρευειν
486 476 649 533 α’πάτης
699 477 929 556 νοσήματα.
1003 475 1092 519 ἔστι
1129 476 1207 532 γὰρ
1255 477 1299 519 τὸ
1342 479 1388 520 ἐκ
1404 479 1615 558 ,κορυφῆς
1635 473 1812 532 ·ἇχρι5,

289 547 485 624 πώγωνος
515 559 646 598 ακρου
679 543 790 599 φημί
820 545 891 599 τῆς
922 540 1079 598 ὑπήνης
1112 542 1330 597 σπιθαμαι
1362 545 1495 598 μῆκος
1532 545 1610 596 μὲν
1639 541 1746 586 ὄκτοὸ
1784 575 1790 581 -

290 628 358 652 και
389 609 549 661 εἴκοσι,
593 608 747 659 πλάτος
777 612 823 652 δὲ
851 612 1256 665 τεσσαρεσκαίδεκα,
1298 608 1519 653 δακτύλων
1561 609 1644 667 δ’μό
1672 613 1750 664 μὲν

291 680 452 734 πρῶτος
494 674 602 718 ὀκτώ
648 679 721 718 καί
755 673 948 731 ἦμισείας
986 675 1030 719 τὸ
1060 679 1193 731 μῆκος
1214 708 1228 728 ,
1272 677 1311 720 οἱ
1352 679 1389 719 δ’
1420 672 1541 720 ἄλλοι
1567 677 1670 720 nard
1703 675 1750 719 τὸ

291 740 520 797 οἷνάλογον·
582 745 664 785 τῶν
705 744 742 784 δ’
777 742 1015 799 ὀφθαλμῶν
1041 742 1118 785 α’νοὶ
1162 745 1288 797 τριῶν
1315 740 1521 797 ἑκάτερος,
1555 741 1580 800 ἧ
1608 744 1654 786 δὲ
1684 743 1751 799 ῥίς

206 809 463 864 ,ιεέγγιστα
496 809 617 852 ὀκτώ.
687 812 847 852 τούτων
887 810 924 850 δ’
957 805 1090 858 ου’τως
1121 809 1314 864 καθαπερ
1355 812 1576 865 στοιχείων
1603 812 1808 853 δοθέν-10

291 894 372 920 των
412 875 568 928 ἔξεστιν
616 875 835 931 ἐντεῦθεν,
874 875 1019 919 ὁπόσοι
1064 878 1330 955 χαριέστεροι
1377 893 1458 920 των
1500 877 1752 956 ζωγράφων,

289 947 362 986 καί
408 944 481 999 τήν
523 961 605 986 των
647 938 782 986 αλλων
820 944 960 996 μελῶν
1005 960 1073 985 και
1123 959 1264 997 μερων
1304 943 1376 985 καί
1422 961 1512 997 αμα
1553 946 1626 1014 τῆς
1675 944 1752 986 τοῦ

289 1009 443 1059 παντὸς
469 1011 662 1065 σώματος
707 1008 974 1057 διαπλάσεως
1017 1013 1088 1066 τῆς
1135 1013 1256 1059 θείας
1297 1011 1452 1066 ἐκεινης
1496 1013 1574 1052 τοῦ
1615 1010 1753 1066 σωτῆ-

290 1094 360 1133 ρος
389 1077 541 1127 εἰκόνος
572 1077 676 1120 κατὰ
711 1076 855 1132 τὸτῆς
901 1078 1159 1132 συμμετρίας
1198 1075 1402 1132 α’νάλογον
1440 1075 1520 1132 ὅση
1542 1081 1606 1127 τίς
1641 1079 1753 1120 ἐστιν

289 1144 424 1194 ειῖθύς
453 1147 777 1199 συλλογίζεσθαι
808 1145 940 1199 μῆκος
970 1148 1041 1187 καί
1069 1146 1239 1194 πλάτος.
1313 1143 1385 1187 καί
1413 1146 1547 1187 ταῦτα
1578 1146 1752 1199 διῆλθον
1766 1157 1808 1192 15

290 1213 510 1266 ἐμπειρίας
539 1213 657 1254 ἕνεκα
689 1214 770 1254 τῶν
801 1210 1150 1267 ἐντυγχανόντων,
1179 1211 1403 1265 κράτιστον
1434 1209 1557 1260 εἰδώς
1583 1209 1754 1267 ἐφόδιον

290 1279 349 1328 εἴς
382 1294 426 1333 γε
456 1277 529 1334 τήν
563 1282 646 1321 τῶν
678 1273 807 1321 ὅντων
836 1278 1068 1333 ἐπιστήμην
1098 1281 1169 1320 καί
1195 1277 1237 1321 εἴ
1253 1294 1361 1327 τινες
1390 1274 1472 1321 εἶεν
1504 1278 1651 1327 αὐτοῖς
1683 1279 1754 1320 ἐν-
1793 1289 1801 1294 ’

290 1343 580 1399 θεωρούμενοι
611 1342 723 1399 λόγοι
757 1346 886 1401 σοφοί
916 1346 989 1398 τῆς
1019 1348 1237 1400 προνοίας,
1267 1344 1379 1387 καθὰ
1414 1347 1488 1387 καί
1514 1343 1753 1400 Ἀριστοτέ-

291 1415 353 1452 λει
394 1412 517 1453 δοκεῖ.
587 1411 694 1467 φησί
734 1410 813 1466 γὰρ
853 1413 1005 1462 ἐκεῖνος
1046 1410 1245 1466 αἴσθησιν
1283 1414 1361 1466 μὲν
1390 1413 1609 1466 ἐμπειρίας
1645 1406 1754 1453 εἶναι

293 1476 525 1534 ποιητικήν,
554 1478 628 1533 τήν
662 1480 698 1519 δ’
730 1479 952 1534 ἐμπειρίαν
979 1480 1062 1520 τῶν
1091 1480 1196 1532 πρὸς
1227 1481 1461 1535 ἐπιστήμην
1487 1477 1636 1534 α’ρχοὸν
1664 1495 1750 1520 πα-
1764 1488 1810 1524 20

294 1547 486 1599 ρεκτικήν
533 1548 578 1587 ἐκ
627 1547 831 1600 διαδοχῆς
869 1545 941 1587 καί
965 1544 1253 1600 συλλήπτριαν
1292 1547 1500 1600 γίνεσθαι.
1560 1543 1752 1588 ἐντεῦθεν

292 1612 373 1665 γάρ
405 1614 517 1654 αἵτε
548 1614 781 1661 πολυειδεῖς
810 1613 1022 1668 ἐρρύησαν
1052 1613 1124 1667 τῆς
1155 1616 1307 1668 σοφίας
1329 1613 1471 1669 πηγαί,
1499 1613 1572 1654 καί
1599 1609 1637 1654 οἱ
1666 1612 1753 1653 πά-

296 1683 367 1721 λαι
397 1680 468 1735 τῆς
501 1678 729 1736 ἐπιστήμης
761 1682 992 1736 ἐφευρεταί
1019 1679 1102 1723 τῶν
1132 1695 1175 1722 τε
1204 1681 1406 1736 αἰθερίων
1435 1681 1507 1722 καί
1534 1680 1754 1734 περιγείων

257 1900 259 1902 ’
298 1884 423 1919 oculos
451 1888 736 1930 praetermittere
760 1893 889 1930 mente,
917 1888 1096 1932 quumvita
1122 1889 1168 1921 sit
1201 1892 1401 1931 comparata
1429 1885 1506 1929 illa,
1534 1892 1572 1921 ut
1596 1887 1755 1931 plerum..

299 1944 369 1978 que
396 1939 596 1977 spectantes
623 1935 715 1968 inter
741 1940 775 1968 et
799 1946 857 1968 res
883 1941 1057 1979 spectatas
1094 1931 1314 1979 interpositis
1350 1934 1421 1967 loci
1445 1935 1646 1969 intervallis
1675 1936 1756 1969 ani..

298 1991 390 2013 mum
425 1981 538 2023 fallat,
574 1992 664 2025 quae
700 1988 817 2015 tamen
858 1983 1035 2026 applicata
1076 1987 1230 2015 ceterum
1276 1982 1431 2025 undique
1471 1986 1505 2014 et
1544 1992 1756 2027 quocunque

299 2028 401 2061 modo
428 2034 520 2070 sunt,
547 2034 585 2061 ut
609 2030 768 2063 veritatis
790 2031 944 2075 vestigia
970 2036 1004 2063 et
1028 2030 1184 2073 speciem
1209 2028 1490 2074 qualemcunque
1521 2029 1690 2072 efficiant,
1722 2034 1758 2062 et

299 2075 380 2109 talis
408 2075 540 2109 fraudis
568 2076 708 2109 morbos
733 2083 870 2110 sanent.
898 2082 905 2084 ’
923 2082 1004 2110 sunt
1032 2077 1123 2110 enim
1149 2077 1230 2110 inde
1256 2087 1275 2109 a
1296 2076 1432 2109 vertice
1450 2087 1562 2120 usque
1591 2077 1633 2110 ad
1658 2087 1755 2110 sum-

300 2133 388 2155 mam
413 2122 568 2177 barbam,
596 2123 744 2157 labrum
770 2125 848 2158 dico
879 2125 1054 2168 superius,
1082 2124 1276 2167 spithamae
1305 2123 1340 2155 in
1382 2122 1638 2167 longitudinem
1665 2124 1757 2157 duo-

303 2169 507 2213 detriginta,
534 2170 570 2202 in
595 2170 815 2204 latitudinem
843 2171 1130 2216 quatuordecim,
1156 2171 1344 2220 digitorum
1378 2175 1492 2203 autem
1520 2171 1651 2214 primus
1676 2175 1756 2203 octo

303 2222 338 2250 et
367 2217 542 2251 dimidiam
567 2218 602 2250 in
629 2217 887 2261 longitudinem
908 2218 1070 2259 habebat,
1097 2224 1132 2252 et
1152 2215 1282 2262 reliqui
1307 2217 1642 2260 proportionaliter3
1670 2228 1758 2251 ocu-

300 2263 414 2297 lorum
441 2270 512 2298 tres
540 2264 615 2297 fere
640 2266 830 2308 spithamas
861 2265 1010 2299 habebat
1043 2271 1213 2309 uterque,
1240 2274 1344 2298 nasus
1383 2270 1497 2297 autem
1525 2275 1638 2309 paene
1664 2270 1758 2299 octo.

302 2312 356 2344 his
386 2312 434 2344 ita
460 2317 621 2355 tanquam
650 2312 836 2346 elementis
852 2313 1058 2356 propositis,
1085 2312 1172 2346 licet
1193 2312 1288 2353 hinc,
1319 2316 1492 2355 quotquot
1518 2317 1612 2353 sunt,
1640 2313 1760 2356 picto-

301 2368 377 2392 rum
402 2359 643 2401 iucundiores,
672 2361 773 2393 etiam
801 2360 1004 2404 qualitatem
1027 2365 1222 2393 ceterorum
1243 2358 1475 2392 membrorum
1503 2364 1538 2392 et
1561 2361 1708 2403 partium
1727 2364 1762 2392 et

303 2405 406 2439 simul
433 2407 542 2439 totius
573 2407 731 2450 corporis
758 2408 900 2440 divinae
927 2406 1026 2441 illius
1052 2407 1239 2440 salvatoris
1265 2410 1401 2439 statuae
1428 2406 1470 2439 ad
1498 2407 1760 2451 aequabilitatis

304 2454 475 2486 rationem
504 2454 618 2487 sactae
646 2454 792 2496 formae,
820 2460 948 2498 quanta
978 2454 1053 2488 fere
1078 2455 1135 2496 sit,
1160 2454 1273 2487 statim
1304 2452 1478 2496 colligere
1505 2453 1761 2499 longitudinem

306 2505 340 2533 et
366 2500 455 2533 haec
481 2501 652 2544 descripsi
680 2503 715 2535 in
740 2503 913 2535 notitiam¹
929 2510 1049 2536 eorum
1075 2502 1135 2545 qui
1162 2501 1253 2534 sorte
1283 2501 1320 2536 iu
1345 2499 1442 2533 illam
1471 2501 1638 2543 incidant,
1664 2501 1762 2544 opti-

303 2557 392 2580 mam
418 2547 508 2581 hanc
536 2549 653 2582 sciens
681 2550 771 2583 viam
799 2560 878 2583 esse
907 2549 948 2582 ad
973 2560 1089 2583 rerum
1115 2548 1310 2588 scientiam,
1337 2552 1372 2580 et
1396 2549 1426 2581 si
1452 2548 1563 2592 quiin
1588 2548 1643 2582 his
1671 2557 1762 2580 con-

305 2595 502 2628 siderantes
527 2602 713 2630 versenter
739 2596 820 2630 libri
846 2596 1026 2639 sapientes
1054 2595 1354 2640 prospicientiae,
1380 2601 1419 2629 ut
1447 2596 1550 2629 etiam
1575 2593 1761 2630 Aristoteli

304 2641 435 2686 placet.
487 2642 573 2677 dicit
613 2642 677 2677 ille
715 2645 854 2688 quidem
880 2654 1020 2677 sensum
1058 2654 1102 2676 ex
1126 2643 1311 2676 multarum
1344 2652 1461 2676 rerum
1499 2643 1626 2687 peritia
1652 2641 1760 2684 effici,

302 2691 465 2736 peritiam
491 2696 606 2725 autem
643 2691 819 2738 principia
860 2692 1070 2737 disciplinae
1095 2691 1266 2735 cuiusque
1295 2694 1330 2723 et
1368 2690 1541 2735 praebere
1567 2696 1602 2726 et
1626 2689 1759 2725 confir-
