1852 3138
207 400 277 433 81

134 1539 160 1575 f.
176 1535 243 1573 174
254 1548 288 1573 v.

297 145 394 192 368
664 157 667 162 ·
691 130 1001 191 'Nicssnnom
1047 144 1351 187 GREGonAE

295 250 394 298 οὔτε
422 254 503 309 γὰρ
549 254 596 296 τὸ
639 254 796 296 τέλειον
825 249 918 294 οὔτε
957 249 1003 293 τό
1037 245 1212 306 ἄπειρον
1240 246 1333 293 οὔτε
1362 247 1407 293 τὸ
1438 249 1748 306 α’περίγραπτον

294 323 339 363 ἐν
369 326 454 370 τοῖς
483 325 649 367 πολλοῖς
679 317 971 375 φυλάττεσθαι
1003 316 1196 361 δύναται.
1561 357 1577 367 ,

418 385 542 443 Ὁρᾷς
573 389 675 438 πῶς,
711 382 816 426 ὅπου
850 386 1058 437 διαφορᾶς
1088 383 1108 426 ὁ
1141 386 1262 438 λόγος
1292 383 1452 428 ἔννοιαν
1483 385 1746 439 παρεισάγει,

293 455 434 498 ἕπεται
465 457 542 506 μὲν
570 451 701 501 εὐθὺς
741 450 788 492 τὸ
819 452 1004 505 πλῆθος,
1050 449 1264 493 ἐλαύνεται
1305 453 1351 493 δὲ
1377 449 1423 493 τὸ
1467 448 1512 492 ἓν
1537 448 1642 502 μετὰ
1673 452 1747 501 τοῦ

293 521 453 563 τελείου
484 521 558 560 καί
587 519 762 573 α’πείρου
793 520 864 557 καί
893 515 1206 571 α’περιγράπτου
1228 518 1298 559 καί
1328 515 1406 560 ὅσα
1424 519 1494 572 τῆς
1524 518 1645 567 θείας
1673 516 1782 568 (νῦ-5

293 588 387 635 σίας
416 585 521 635 ἴδια,
550 586 708 637 μᾶλλον
740 585 778 624 δ’
803 579 880 625 ὅσα
909 585 1071 638 πέφυκέ
1101 599 1145 624 τε
1175 586 1248 626 καί
1277 582 1389 626 ἔστιν
1417 581 1440 639 ἧ
1469 586 1568 626 θεῖα
1599 583 1746 635 ου’σίας

293 649 401 694 ὥσθ’
436 646 542 692 ὅπου
576 650 622 692 τὸ
656 653 810 703 κυρίως
841 649 897 702 ἓν,
927 648 946 690 ὃ
982 649 1077 699 θεὸς
1108 650 1285 705 δηλαδή,
1315 649 1438 704 χώρα
1465 655 1552 698 τοῖς
1581 652 1750 698 πολλοῖς

294 720 365 760 καὶ
396 717 622 773 διαφόροις
652 718 727 757 ου’κ
753 714 864 758 ἔστιν
887 716 979 757 οὐδ’
1009 716 1193 770 ἡτισοῦν.
1254 718 1305 758 ου’
1329 717 1409 772 γὰρ
1432 711 1552 759 θέσιν
1576 713 1670 769 τινά
1702 713 1748 757 τὸ

294 788 411 826 θεῖον
441 785 570 825 ἐκεῖνο
603 784 646 824 ἓν
677 785 804 838 δηλοῖ,
836 781 1027 837 καθάπερ
1057 785 1100 824 τὸ
1132 785 1175 824 ἐν
1193 789 1290 833 τοῖς
1308 787 1504 835 κτίσμασι
1534 797 1751 836 καταχρη-

296 852 449 898 στικῶς
485 847 702 903 λεγόμενον
732 850 806 891 καί
830 853 873 891 ἐν
893 854 979 899 τοῖς
1007 854 1173 898 πολλοῖς
1194 847 1488 904 θεωρούμενον
1516 850 1572 891 ἓν.
1631 846 1656 889 ὃ
1681 847 1754 890 καί
1766 858 1810 894 10

297 916 437 971 ἅρχὴν
470 913 585 958 εἶναι’
612 932 718 972 φασι
756 916 913 965 παντὸς
941 918 1100 969 ποσοῦ,
1123 916 1195 958 καί
1219 915 1326 971 πλὴν
1357 917 1509 958 ον’σίαν
1539 915 1619 969 οὐχ
1648 914 1752 971 ὕφιζ’

297 987 484 1036 στασθαι
514 985 612 1024 καθ’
642 982 762 1037 αὑτό,
790 986 863 1024 καί
889 979 991 1025 ἄνευ
1011 986 1086 1025 τοῦ
1114 979 1206 1033 ἑνὸς
1233 980 1384 1026 τούτου
1415 981 1475 1036 μὴ
1507 977 1616 1024 εἶναι
1647 984 1755 1035 πλῆ-

298 1054 389 1100 θος.
444 1049 467 1104 ἦ
500 1048 578 1103 γὰρ
610 1046 847 1104 μετάληψις
886 1051 963 1091 τοῦ
1001 1045 1092 1099 ἑνὸς
1122 1049 1194 1092 καί
1222 1048 1268 1091 τὸ
1296 1045 1406 1098 εἶδος
1435 1049 1570 1098 αὐτοῦ
1598 1046 1646 1090 τὸ
1671 1050 1755 1090 τῶν

299 1118 463 1160 πολλῶν
509 1115 708 1172 ὖφίστησι
749 1116 891 1158 ποσόν.
964 1114 1064 1158 ὅθεν
1095 1116 1167 1157 καί
1206 1115 1329 1165 δεκὰς
1364 1117 1442 1168 μία
1472 1118 1654 1170 λέγεται,
1686 1113 1757 1156 καί

298 1181 439 1238 χιλιοὶς
480 1184 553 1224 καί
581 1181 742 1236 μυριὰς
781 1183 852 1224 καί
888 1181 936 1225 τοὶ
968 1181 1027 1225 ἔτι
1070 1181 1229 1225 τούτων
1259 1180 1505 1235 λεπτότερα,
1535 1180 1685 1236 τετράς
1712 1195 1756 1223 τε
1771 1189 1817 1224 15
1842 1235 1844 1237 ‚

299 1255 377 1304 μία
410 1251 482 1290 καί
511 1247 661 1298 πεντὰς
701 1250 772 1291 καί
799 1247 848 1290 τὰ
885 1251 1083 1303 τοιαῦτα,
1115 1253 1186 1291 καί
1226 1246 1307 1291 ὅσοι
1335 1251 1383 1305 τῇ
1410 1250 1484 1290 τοῦ
1511 1247 1652 1296 εἴδους
1679 1263 1759 1302 με-

299 1318 404 1373 τοχῇ
438 1317 709 1366 ταυτίζονταί
733 1331 777 1357 τε
806 1316 878 1357 καί
906 1315 1010 1371 πρὸς
1049 1315 1095 1358 τὸ
1141 1317 1183 1359 ἓν
1223 1316 1516 1371 ἀναφέρονται.
1575 1313 1648 1356 καί
1674 1313 1756 1370 γάρ

301 1380 348 1424 τό
381 1382 512 1423 πολλὰ
547 1387 634 1429 τοῖς
662 1384 836 1436 μέρεσιν
863 1382 906 1423 ἓν
930 1386 986 1440 τῷ
1015 1378 1110 1441 ὅλῳ,
1142 1385 1211 1424 καὶ
1241 1380 1287 1424 τὸ
1321 1380 1453 1423 πολλὰ
1484 1386 1568 1430 τοῖς
1595 1384 1760 1435 συμβε-

300 1448 475 1503 βηκόσιν
504 1449 548 1490 ἓν
578 1449 634 1504 τῷ
662 1448 948 1506 ὑποκειμένῳ,
978 1452 1052 1491 καί
1088 1449 1134 1491 τό
1164 1450 1296 1490 πολλὰ
1328 1455 1413 1497 τοῖς
1449 1449 1604 1490 εἴδεσιν
1631 1450 1676 1491 ἓν
1702 1451 1761 1506 τῷ

303 1518 424 1571 γένει,
456 1515 528 1556 καί
552 1513 597 1556 ‘to'
631 1514 763 1557 πολλοὶ
795 1522 886 1566 ταῖς
916 1516 1112 1569 προόδοις
1139 1518 1182 1558 ἓν
1222 1518 1271 1573 τῇ
1301 1516 1429 1573 α’ρχῇ.
1489 1517 1561 1557 καί
1597 1516 1651 1557 ου’
1676 1514 1817 1569 ,ud-20

305 1597 375 1625 νον
403 1583 475 1623 ἐπί
493 1585 575 1624 τῶν
609 1583 908 1636 διωρισμένων,
931 1582 1036 1624 α’λλοὶ
1066 1587 1139 1625 καί
1165 1585 1213 1625 τὰ
1244 1585 1403 1637 συνεχῆ
1424 1581 1558 1624 πάντα
1586 1587 1760 1640 μεγέθη,

303 1650 344 1691 εἰ
370 1647 515 1705 φεύγει
545 1646 591 1690 τὸ
628 1649 698 1701 ἓν,
742 1649 802 1698 εἰς
840 1652 999 1704 πλῆθος
1037 1647 1142 1690 κατά
1175 1649 1531 1704 α’ντιπεπόνθησιν
1568 1649 1761 1704 θρυπτό-

301 1730 421 1769 μενα,
451 1717 524 1756 καί
550 1712 623 1770 τὴν
655 1715 801 1757 ου’σιάν
833 1711 883 1769 ἢν
916 1712 1026 1770 εἶχεν
1059 1715 1315 1770 α’πόλλυσιν,
1345 1711 1486 1757 οὕκέτι
1513 1709 1614 1758 ὄντα
1642 1710 1666 1756 ὃ
1695 1710 1758 1770 ἤν.

305 1916 528 1952 varietatem.
590 1926 658 1950 nec
696 1917 788 1950 enim
814 1917 1009 1961 perfectum
1047 1927 1115 1952 nec
1148 1918 1353 1952 immensum
1389 1928 1456 1952 nec
1483 1917 1700 1952 indefinitum
1724 1918 1761 1952 in

304 1963 422 1999 multis
449 1962 584 1998 servari
610 1969 739 2007 potest.

438 2021 604 2064 Videsne,
631 2023 826 2067 quomodo,
854 2024 913 2057 ubi
940 2035 1044 2057 causa
1069 2024 1250 2068 yarietatis
1285 2024 1464 2058 notionem
1490 2024 1611 2067 infert,
1636 2026 1762 2070 sequi-

305 2075 361 2103 tur
387 2070 501 2103 statim
528 2070 726 2112 multitudo,
751 2071 951 2114 depellatur
975 2083 1079 2104 unum
1105 2083 1181 2104 cum
1204 2071 1366 2105 absoluto
1388 2077 1422 2104 et
1446 2072 1616 2105 immenso
1644 2077 1679 2106 et
1703 2073 1761 2105 in..

306 2118 404 2150 linito
434 2122 468 2149 et
493 2127 583 2160 quae
616 2118 757 2150 divinae
794 2120 970 2151 essentiae
1007 2119 1146 2162 propria
1181 2124 1261 2152 sunt
1285 2124 1345 2151 aut
1373 2119 1490 2162 potius
1529 2119 1655 2162 quibus
1679 2125 1762 2153 nata

307 2169 360 2197 est
387 2169 422 2196 et
449 2169 501 2196 est
526 2164 647 2197 divina
675 2164 860 2198 essentia?
903 2166 1022 2210 itaque
1047 2166 1107 2199 ubi
1135 2171 1188 2199 est
1212 2166 1353 2209 proprie
1380 2175 1483 2198 unum
1510 2166 1650 2200 scilicet
1676 2166 1761 2200 deus

306 2210 407 2243 locus
433 2210 551 2243 multis
585 2216 621 2243 et
645 2212 795 2244 diversis
829 2212 950 2246 nullus
986 2218 1049 2245 est.
1107 2223 1178 2246 non
1213 2214 1304 2246 enim
1343 2213 1553 2255 positionem
1590 2214 1761 2258 quandam

307 2258 462 2291 divinum
494 2257 583 2290 illud
618 2269 723 2291 unum
757 2259 930 2302 involvit,
968 2260 1255 2304 quemadmodum
1294 2260 1330 2292 in
1357 2260 1484 2292 creatis
1518 2269 1589 2293 non
1618 2261 1761 2304 proprie

306 2304 434 2338 dicitur
475 2310 509 2338 et
541 2305 575 2337 in
610 2305 728 2338 multis
768 2307 923 2339 cernitur
969 2317 1093 2348 unum,
1137 2307 1228 2351 quod
1273 2306 1482 2351 principium
1526 2317 1604 2341 esse
1641 2307 1762 2340 dicunt

307 2352 419 2384 omnis
469 2352 697 2396 quantitalis,
735 2363 802 2385 nec
843 2354 920 2386 sine
962 2355 1115 2386 essentia
1156 2354 1308 2386 existere
1357 2363 1420 2396 per
1463 2363 1532 2395 se,
1577 2364 1645 2387 nec
1684 2355 1761 2387 sine

306 2398 374 2432 hoc
400 2409 470 2431 uno
498 2409 575 2432 esse
604 2400 875 2433 multitudinem.
925 2401 1026 2433 unius
1062 2402 1152 2434 enim
1178 2400 1429 2444 consequentia
1468 2405 1504 2433 et
1541 2400 1651 2434 forma
1675 2401 1761 2434 sub..

306 2446 384 2478 iicit
420 2445 603 2479 multarum
643 2457 757 2479 rerum
793 2448 1044 2490 quantitatem,
1082 2448 1174 2480 unde
1213 2457 1281 2480 una
1321 2447 1425 2480 decas
1461 2447 1588 2481 dicitur
1623 2453 1658 2481 et
1691 2450 1762 2481 mi..

308 2492 375 2526 lias
408 2498 443 2525 ct
469 2493 588 2526 decies
619 2493 734 2526 milias
768 2499 802 2526 et
835 2504 925 2537 quae
965 2494 1018 2527 his
1044 2500 1124 2527 sunt
1160 2494 1317 2535 leviora,
1351 2503 1420 2526 una
1445 2495 1653 2537 quaternio,
1680 2495 1762 2539 qui..

307 2540 367 2572 nio
407 2539 535 2572 similia
568 2550 657 2583 quae
692 2541 734 2574 ad
773 2542 903 2574 l'ormae
941 2542 1244 2584 participationem
1287 2540 1405 2573 eadem
1442 2541 1613 2575 habentur
1647 2547 1682 2575 et
1717 2541 1760 2574 ad

308 2597 413 2618 unum
451 2587 663 2620 referuntur.
727 2587 833 2620 multa
879 2589 970 2621 enim
1012 2588 1188 2631 partibus,
1234 2598 1338 2620 unum
1384 2588 1612 2632 integritate,
1653 2588 1763 2622 multa

310 2634 600 2675 circumstantiis,
638 2644 741 2666 unum
780 2635 964 2676 subiecto,
1003 2634 1109 2669 multa
1149 2635 1287 2676 formis,
1320 2645 1424 2667 unum
1463 2645 1622 2679 genere,
1654 2636 1763 2669 multa

311 2685 463 2722 eventu,
500 2691 603 2713 unum
637 2682 810 2724 principio
848 2686 883 2714 et
918 2692 988 2717 non
1027 2683 1128 2715 modo
1167 2682 1202 2714 in
1229 2683 1421 2725 separatis,
1454 2682 1516 2715 sed
1542 2683 1644 2716 etiam
1672 2692 1763 2716 cun-

311 2731 388 2762 ctae
426 2727 707 2773 magnitudines,
748 2728 778 2762 si
822 2728 962 2774 fugiunt
994 2739 1122 2772 unum,
1163 2729 1205 2763 ad
1243 2727 1501 2763 multitudinem
1552 2739 1762 2777 compensa..
