1826 3120
261 173 361 225 '328
674 174 970 220 mcssl’flom
1012 173 1315 217 GREGORAE

267 283 441 329 νώσκειν
469 280 619 326 ἑαυτὸν
665 283 709 323 ἐκ
741 282 812 335 τῆς
841 282 1054 333 μακαρίας
1080 278 1229 328 ου’σιάς
1257 280 1408 333 αι’τοῦ,
1438 279 1513 321 ουίι
1540 280 1720 324 α’τιοστε-

265 356 338 405 ρεῖ
361 349 433 392 τὸν
478 347 572 391 υἱὸν
604 349 673 402 τῆς
714 344 914 399 τοιαύτης
958 345 1163 398 γνώσεως.
1240 347 1327 395 πῶς
1364 345 1469 400 γάρ,
1497 344 1723 398 ὄμοούσιον

262 433 368 459 οντα
399 431 444 457 τε
474 414 546 456 καί
572 412 648 468 τὴν
681 411 816 467 αὐτὴν
846 413 902 454 τιῦ
929 428 1055 468 πατρι
1083 414 1236 466 γνῶσιν
1264 411 1431 467 ἔχοντα,
1461 428 1518 462 ως
1539 414 1613 456 καί
1641 413 1723 455 αυ’-

262 482 332 532 τὸς
363 498 459 537 περι
489 479 659 523 εαυτοῦ
664 484 876 534 μαρτυρεῖ
896 480 1026 532 λέγων
1049 475 1210 528 εκαθως
1226 495 1417 540 γινωσκει
1441 494 1495 530 με
1523 477 1545 521 ὅ
1566 476 1720 535 πατήρ,

265 548 377 604 κᾰγοό
419 546 607 603 γινώσκω
647 545 717 588 τὸν
755 544 940 600 πατέρα.’
1001 547 1072 588 καί
1096 543 1251 587 εποὶντα
1283 541 1363 587 ὅσα
1406 545 1498 600 ἔχει
1528 542 1549 588 ὃ
1582 544 1755 601 πατήρό

263 613 346 669 ἐμά
375 616 465 657 ἐστι
489 632 498 642 ·
555 617 627 656 καί
657 613 736 667 ἐγώ
767 613 838 654 καί
865 610 886 654 ὅ
918 613 1054 668 πατὴρ
1085 614 1129 655 ἓν
1170 613 1322 665 ἐσμεν.’
1378 611 1448 654 διὰ
1481 614 1606 654 τοῦτο
1635 610 1726 655 ἐκεῖ
1811 614 1826 667 {j

264 685 342 736 μὲν
369 683 413 724 ἐν
443 682 490 738 τῇ
528 683 602 723 τοῦ
641 680 743 722 θεοῦ
771 679 922 734 γνώσει
970 679 1039 721 διὰ
1083 678 1158 733 τὴν
1200 677 1386 734 φυσικὴν
1426 682 1498 721 καί
1533 677 1720 734 ου’σιιύδη
1821 680 1824 684 ’

262 747 492 803 ταυτότητα
536 752 611 790 τοῦ
642 745 797 800 πατρὸς
845 762 913 788 και
953 747 1028 787 τοῦ
1071 744 1168 788 υἱοῦ
1207 744 1612 802 πολυπραγμοσύνης
1643 745 1721 788 ουκ

264 814 419 870 ἐδεήθη
446 815 580 863 τινός·
640 815 684 858 ἐν
714 815 760 855 δὲ
777 815 827 870 τῇ
853 811 958 867 πρὸς
984 811 1033 855 τὰ
1064 829 1275 865 κτισματα
1301 812 1452 867 γνώσει
1480 828 1721 868 συμπαρει-

264 879 391 938 λη’φει
423 882 494 923 καί
521 897 594 934 την
623 880 780 961 oomt'a‘v
809 877 829 920 ὃ
862 882 976 928 θεῖος
1007 894 1129 928 ουτος
1159 879 1388 932 Μάξιμος,
1418 881 1471 921 δι’
1500 874 1549 934 ἧς
1578 896 1649 922 και
1678 877 1720 922 ἐν
1736 889 1779 924 10

264 942 292 1005 ᾗ
323 949 446 989 ταυτί
489 948 709 1002 πεποίηκεν
739 944 935 1002 ἅπαντα,
981 946 1208 1000 α’ναγκαιάς
1251 962 1378 1001 ουσης
1425 948 1498 1001 τῆς
1527 944 1722 1002 τοιαύτης

265 1016 454 1057 ἐνταῦθα
498 1013 662 1069 μνήμης
693 1012 762 1054 διοὶ
794 1011 871 1062 τοὶς
901 1012 1172 1063 ὑποστάσεις,
1215 1011 1356 1068 ὥσπερ
1400 1013 1490 1055 ἐκεῖ
1513 1015 1587 1068 τῆς
1616 1029 1723 1055 σιω-

264 1082 343 1134 πῆς
374 1080 445 1121 διὰ
477 1080 522 1122 τὸ
552 1082 679 1122 πᾶσιν
710 1081 968 1134 ἐγνωσμένον
1008 1078 1217 1134 ὑπάρχειν
1253 1077 1300 1122 τὸ
1342 1082 1418 1134 τῆς
1446 1079 1595 1129 ούσιάς
1624 1077 1722 1122 υἱοῦ
1820 1109 1826 1126 .

177 1148 338 1189 Coum*
366 1146 523 1201 πατρὸς
571 1146 808 1201 ἀδιαίρετον
855 1148 927 1188 καί
953 1145 1122 1189 ταυτόν.
1196 1144 1496 1203 ἐναργέστερον
1537 1148 1577 1189 δ’
1608 1143 1722 1202 ὅμως
1821 1141 1826 1150 ”

263 1211 326 1256 ἔτι
356 1215 428 1256 καί
456 1211 476 1254 ὅ
507 1217 620 1262 θεῖος
651 1208 771 1262 οὗτος
789 1210 987 1272 Μάξιμος
1010 1214 1193 1256 δείκνυσι
1218 1214 1388 1268 προϊών,
1419 1215 1492 1255 καί
1519 1217 1594 1268 τῆς
1624 1229 1724 1268 τεχ-
1737 1226 1780 1261 15
1824 1229 1826 1245 f

265 1282 379 1333 νικῆς
411 1282 617 1322 ἐνταυθοῖ
639 1282 901 1334 μεμνημένος
932 1283 1099 1336 σοφιάς,
1129 1279 1182 1335 μή
1195 1297 1256 1330 τις
1286 1282 1329 1330 ἐξ
1359 1280 1551 1333 α’μαθιάς
1581 1279 1725 1323 ὄπωσ-
1824 1279 1826 1282 ⁴

266 1350 364 1390 ποτὲ
390 1349 617 1402 πλανηθείς
655 1350 816 1390 ἐκεῖθεν
836 1346 1086 1404 ἐξολισθήσῃ
1107 1347 1212 1401 πρὸς
1242 1349 1462 1400 δυσσεβεῖς
1489 1347 1727 1402 λογισμούς,

269 1415 342 1455 καί
372 1415 470 1456 α’ντί
506 1415 577 1468 τῆς
623 1407 752 1461 ὅντως
788 1414 943 1468 σοφιάς
982 1411 1058 1467 τήν
1101 1416 1145 1455 ἐν
1186 1419 1271 1464 τοῖς
1307 1416 1500 1467 κτίσμασι
1534 1412 1727 1470 τεχνικὴν
1820 1432 1826 1457 ε

272 1480 427 1537 δοξάσῃ
462 1483 633 1536 σοφίαν,
662 1479 855 1533 καθάπερ
881 1481 953 1521 και·
984 1480 1130 1521 ουτοσι
1146 1481 1363 1534 Παλαμᾶς
1394 1476 1726 1535 βεβλασφήμηκέ
1820 1471 1826 1484 ¹

264 1562 306 1589 τε
335 1547 542 1603 πρότερον
573 1545 785 1600 πολλάκις,
816 1547 889 1588 καί
914 1548 990 1588 νῦν
1016 1540 1145 1596 αυθις
1187 1548 1255 1603 ἐφ’
1285 1548 1402 1601 ἡμῶν
1435 1547 1510 1588 οὐκ
1539 1547 1722 1590 αἰδεῖται
1735 1557 1826 1593 20

265 1615 429 1666 τολμῶν
469 1615 518 1656 τὰ
552 1614 783 1668 α’τόλμητα.
853 1630 955 1671 φησι
994 1629 1075 1669 γαρ
1117 1614 1291 1656 κατόπιν
1330 1629 1387 1662 ως
1415 1609 1455 1690 25-
1483 1611 1622 1667 λογικὴ
1652 1630 1722 1655 και
1814 1599 1826 1684 4}

264 1678 387 1733 νοερὰ
421 1678 550 1736 φύσις
578 1679 769 1734 γινώσκει
815 1697 864 1722 τα
908 1683 1113 1733 κτι’σματα
1162 1678 1374 1734 ἀναλήψει
1403 1681 1477 1734 τῆς
1506 1681 1550 1722 ἐν
1579 1678 1724 1727 αύτοις

273 1749 567 1803 θεωρουμένης
594 1748 784 1804 τεχνικῆς
811 1749 966 1804 σοφιάς
993 1748 1065 1789 καί
1092 1745 1242 1802 γνώσει
1271 1746 1356 1788 τῶν
1387 1747 1431 1789 ἐν
1459 1745 1606 1795 αὐτοῖς
1637 1761 1725 1802 φυ-

262 1968 334 1995 non
360 1958 478 2002 privat
506 1957 616 1992 filium
642 1957 704 1992 tali
735 1959 965 2003 cognitione:
1000 1960 1060 2004 qui
1097 1964 1214 2004 potest
1239 1969 1329 2001 eum,
1356 1959 1416 2004 qui
1444 1959 1564 1993 eadem
1589 1960 1637 1993 sit
1661 1970 1722 1994 es..

264 2005 378 2041 sentia
401 2011 437 2039 et
462 2006 607 2039 eandem
634 2016 712 2039 cum
738 2011 838 2050 patre
866 2006 994 2041 habeat
1023 2007 1290 2052 cognitionemz
1317 2011 1356 2040 ut
1386 2007 1490 2040 etiam
1507 2007 1586 2049 ipse
1611 2007 1655 2040 de
1681 2017 1721 2041 se

263 2057 433 2093 testatum
458 2052 579 2086 dicens
605 2058 643 2086 ut
671 2054 856 2098 cognoscit
874 2064 930 2087 me
959 2059 1072 2098 pater,
1099 2064 1166 2098 ego
1194 2063 1335 2098 quoque
1360 2058 1493 2096 patrem
1519 2062 1719 2097 cognosco:

265 2104 300 2132 et
325 2099 455 2141 omnia,
486 2110 577 2143 quae
602 2098 709 2133 habet
733 2105 847 2144 pater,
870 2111 949 2134 mea
973 2107 1071 2136 sunt:
1113 2107 1147 2135 et
1172 2111 1240 2146 ego
1269 2105 1304 2134 et
1332 2105 1431 2144 pater
1455 2110 1562 2133 unum
1587 2110 1720 2137 sumus.

263 2151 455 2190 propterea
480 2146 528 2179 ibi
554 2147 693 2191 quidem
719 2148 755 2180 in
781 2148 838 2180 dei
866 2149 1072 2193 cognitione
1091 2153 1235 2192 propter
1254 2146 1448 2181 naturalem
1481 2151 1516 2180 et
1541 2148 1719 2181 essentia-

264 2193 334 2227 lem
362 2193 625 2227 similitudinem
651 2195 760 2237 patris
787 2200 822 2228 et
848 2194 912 2228 filii
937 2205 1008 2229 nou
1034 2205 1122 2239 opus
1149 2195 1216 2229 fuit
1232 2194 1306 2228 ulia
1330 2194 1561 2227 curiositate:
1586 2195 1624 2228 in
1653 2204 1718 2228 co..

263 2240 426 2284 gnitione
451 2246 581 2282 autem,
609 2251 698 2285 quae
724 2242 761 2275 in
787 2242 916 2275 creatis
942 2248 1116 2284 versatur,
1144 2241 1411 2285 comprehendit
1439 2241 1543 2274 etiam
1571 2242 1719 2285 sapien-

263 2288 346 2320 tiam
372 2287 513 2321 divinus
539 2287 597 2320 hic
626 2289 807 2330 Maximus,
834 2300 903 2333 qua
932 2294 967 2323 et
999 2290 1035 2323 in
1062 2299 1130 2334 qua
1154 2289 1242 2322 haec
1274 2288 1361 2321 fecit
1385 2289 1519 2322 omnia:
1547 2298 1624 2321 cum
1650 2299 1718 2322 ne-

267 2334 421 2367 cessaria
448 2340 543 2368 esset
566 2335 627 2368 tali
654 2335 712 2368 hic
739 2338 1071 2371 commemoratione
1097 2341 1242 2380 propter
1266 2335 1498 2377 substantias,
1528 2340 1567 2368 ut
1590 2335 1639 2368 ibi
1664 2337 1718 2370 si-

265 2380 378 2415 lentio
406 2381 489 2425 quia
514 2382 671 2416 omnibus
697 2388 818 2416 notum
846 2389 922 2425 est,
962 2395 1041 2418 esse
1076 2384 1262 2417 essentiam
1300 2382 1365 2416 filii
1402 2387 1436 2415 et
1466 2383 1578 2426 patris
1603 2382 1717 2417 indis-

266 2433 395 2461 cretam
423 2433 458 2461 et
492 2429 661 2462 eandemx
696 2430 827 2463 clarius
863 2436 979 2464 tamen
1012 2440 1119 2475 porro
1156 2431 1259 2463 etiam
1285 2430 1424 2465 divinus
1458 2429 1516 2463 hic
1548 2430 1717 2464 Maximus

265 2475 480 2508 demonstrat
505 2477 737 2521 progrediens
767 2488 844 2510 cum
871 2478 976 2512 etiam
1009 2478 1222 2512 artificiosae
1252 2477 1330 2511 illic
1363 2477 1576 2510 mentionem
1610 2477 1718 2510 faciat

267 2522 486 2566 sapientiae:
524 2534 570 2556 ne
604 2524 683 2567 quis
714 2525 914 2569 ignorantia
957 2531 995 2559 ut
1031 2526 1108 2559 fieri
1134 2524 1228 2559 solet
1257 2534 1376 2559 errans
1409 2524 1490 2557 inde
1521 2523 1653 2557 incidat
1679 2525 1716 2557 in

265 2569 389 2613 impias
417 2570 707 2604 ratiocinationes
746 2577 781 2604 et
824 2582 886 2616 pro
925 2582 1011 2606 vera
1049 2572 1222 2616 sapientia
1253 2571 1477 2605 artificiosam
1503 2570 1601 2604 illam
1626 2580 1717 2614 quae

265 2621 318 2649 tes
347 2616 383 2648 in
413 2618 540 2650 creatis
567 2618 729 2661 opinetur
755 2619 974 2663 sapientiam,
1015 2625 1053 2652 ut
1078 2620 1180 2653 etiam
1206 2618 1362 2652 Paiamas
1387 2618 1446 2651 hic
1471 2623 1506 2651 et
1531 2618 1716 2651 convicia..

267 2668 322 2696 tus
350 2668 402 2695 est
428 2664 495 2696 iam
521 2669 624 2697 antea
649 2675 770 2708 saepe,
800 2671 834 2699 et
857 2676 950 2699 nunc
977 2677 1098 2700 rursus
1129 2667 1166 2699 in
1188 2665 1290 2699 nobis
1314 2675 1386 2699 non
1412 2665 1520 2709 pudet
1545 2674 1622 2697 eum
1649 2675 1716 2698 au..

265 2710 349 2743 dere
376 2709 510 2744 inausa.
542 2711 591 2744 ait
617 2712 707 2744 enim
733 2718 835 2755 post:
861 2714 999 2747 ratione
1027 2719 1061 2746 et
1087 2717 1203 2747 mente
1228 2713 1387 2756 praedita
1411 2717 1533 2745 natura
1559 2721 1716 2756 cognos-

269 2757 316 2791 cit
343 2761 460 2790 creata
490 2758 809 2802 comprehensione
836 2760 1100 2796 animadversae
1138 2761 1175 2795 in
1201 2760 1244 2796 iis
1280 2760 1494 2795 artificiosae
1518 2759 1716 2803 sapientiae
