1826 3120
122 32 124 34 ,
130 30 137 40 3⁴
163 26 165 29 ¹
188 24 198 42 >¹
212 29 215 34 ι
254 30 255 33 =
275 28 279 35 Δ

276 124 572 209 tusi-omis
608 159 962 210 nYzAN'rmAss-
983 165 1108 209 xxx.
1136 150 1389 209 26-28.
1478 157 1576 209 289

104 269 268 329 ’δηλαδὴ
294 270 372 329 τήν
402 271 527 316 θείαν
554 273 715 330 ἐκείνην
743 271 815 316 καί
842 273 1061 329 μακαρίαν
1103 272 1269 328 οὕσιάν,
1300 273 1374 316 καί
1396 269 1456 328 μὴ
1489 272 1578 314 κατ’

105 337 318 394 Εὐνόμιον
349 341 505 383 ἐκεῖνον
533 338 604 383 τὸν
627 342 830 398 δυσσεβῆ,
860 340 906 384 τὸ
939 345 1013 396 τῆς
1043 342 1290 398 α’γεννησίας
1317 335 1452 395 ὄνομα
1479 338 1579 382 θεὸ-

47 405 51 408 ’
104 407 238 464 τητος”
268 403 450 463 ὕπαρξιν
491 409 688 462 λέγοντα,
737 408 812 451 κατ’
848 409 910 463 σε’,
948 408 1150 465 θεότητας
1187 409 1313 453 ταῦθ’
1342 404 1578 465 ὗφειμὲνας

105 471 303 530 ἧγεῖσθαι
334 472 487 528 πάντα,
522 474 756 532 διαφόρους
776 477 848 531 τῆς
873 476 1021 526 οὔσιάς
1051 476 1124 519 κατ’
1139 478 1372 530 α’κτίστους,
1402 471 1578 530 dumam·-

41 543 195 584 ,5ττων
219 536 321 584 ὄντα
351 540 573 597 εὑρήματα
606 543 681 586 καί
708 544 936 598 ποιήματα.
994 543 1144 586 αὐτίκα
1172 542 1252 599 γάρ
1283 543 1389 599 πρὸς
1420 544 1579 585 ἐκεῖνον

105 606 128 651 ὅ
157 610 291 664 μέγας
334 610 489 666 φάσκει
519 611 745 659 Βασίλειος
781 608 854 653 “τὸ
887 612 1111 666 α’γέννητος
1149 612 1189 653 εἰ
1217 606 1363 665 ὄνομα,
1395 611 1472 652 οὐκ
1500 609 1580 652 ου’-

103 679 201 720 aab·
256 678 345 719 ’τῶν
369 676 452 732 γὰρ
485 678 646 719 ου’σιῶν
671 677 906 733 σημαντικὰ
938 677 989 720 τά
1022 678 1228 736 ὀνόματα,
1252 678 1329 720 οὐκ
1358 676 1470 720 αὐτά
1500 678 1578 720 οὔ·

103 744 211 787 σιἀι.
285 745 328 787 εἰ
364 746 401 786 δ’
430 743 540 798 aufto*
586 743 712 787 οὐσία
740 742 783 786 τό
819 746 1057 802 α’γέννητος,
1099 749 1337 801 λεγέτωσαν
1365 744 1410 788 τὸ
1445 739 1579 799 ὄνομα

105 811 259 867 αὐτῆς·
331 812 386 853 ου’
418 811 501 866 γάρ
543 814 588 854 ἐκ
619 813 704 854 τῶν
732 813 892 854 ου’σιῶν
926 813 1018 855 ἀλλ’
1058 815 1102 856 ἐκ
1130 815 1213 856 τῶν
1259 811 1477 866 ὀνομάτων
1507 813 1580 854 καί

45 879 150 922 1οἑκ
193 881 277 921 τῶν
331 877 553 935 ἐνεργειῶν
592 882 854 935 γνωρίζομεν
893 883 967 922 καί
1005 878 1192 934 μάλιστα
1234 879 1285 922 τά
1330 878 1580 934 ιῖσώματα.”

103 942 204 1005 δρᾷς
226 948 283 989 ’ἐκ
311 947 391 988 τοῦ
419 944 677 1002 παρήκοντος
720 949 807 997 πῶς
837 950 883 990 ἐκ
914 949 996 990 ταῖν
1036 950 1285 1002 σωματικῶς
1326 948 1662 1003 θεωρουμέ-ΒΘ

102 1012 439 1071 νωνὶἑνεργειῶν
470 1013 612 1070 φησίν,
641 1012 780 1057 εἴτουν
799 1013 933 1071 ἔργων
960 1016 1033 1058 καί
1059 1013 1320 1071 ποιημάτων,
1354 1013 1576 1070 γνωρίζειν

76 1079 214 1140 ’,ἡμᾶς
242 1078 292 1123 τοὶ
319 1078 527 1134 ἀσώματα
575 1080 647 1123 καί
675 1081 734 1137 μή
774 1080 1040 1137 φαινόμενα,·
1081 1078 1210 1124 ἄκουε
1242 1084 1284 1124 δ’
1311 1079 1383 1124 έπί
1413 1080 1578 1130 τούτοις

101 1151 149 1190 τί
181 1147 258 1190 καί
298 1146 321 1188 ὅ
354 1149 593 1190 Νυσσαὲων
633 1148 732 1202 περὶ
769 1148 985 1202 ὀνομάτων
1022 1149 1178 1207 φάσκει
1208 1148 1452 1205 Γρηγὸριος.
1518 1145 1575 1203 “ῆ

40 1220 88 1257 -15
102 1217 202 1258 θειά
231 1214 363 1271 φύσις
393 1212 453 1258 ὅτι
485 1217 582 1258 ποτὲ
614 1219 705 1258 κατ’
735 1217 883 1260 ου’σίαν
904 1218 1008 1270 ἐστι’,
1034 1218 1114 1270 μιά
1141 1215 1252 1260 ἐστίν
1270 1215 1382 1272 oium}
1399 1218 1473 1259 κατ’
1490 1231 1575 1269 μο-

101 1280 267 1341 νοειδής
295 1282 368 1325 καὶ
396 1277 634 1334 α’σύνθετος
664 1285 738 1326 καί
765 1284 869 1339 ὑπὲρ
901 1282 975 1340 τὴν
1007 1282 1257 1341 αἰσθητικήν
1299 1280 1416 1339 ἡμῶν
1438 1282 1575 1326 κατά-

99 1353 245 1404 ληψιν.
303 1353 378 1393 κατ’
403 1349 549 1406 ἐπειδή
579 1351 691 1405 μόνα
725 1350 778 1394 τά
808 1351 1096 1406 γινωσκόμενα
1138 1350 1208 1394 διὰ
1239 1354 1312 1407 τῆς
1342 1351 1574 1404 ὄνομαστι-

99 1417 175 1474 κῆς
202 1418 497 1474 σημειούμεθα
530 1419 743 1479 κλήσεως,
776 1419 826 1461 τά
862 1420 899 1460 δ’
931 1419 1036 1473 ὑπὲρ
1065 1416 1140 1475 τήν
1171 1420 1327 1473 γνῶσιν
1358 1413 1460 1461 ὄντα
1492 1435 1573 1475 ση-

98 1490 344 1539 μειωτικαῖς
375 1484 462 1527 τισὶ
490 1485 793 1542 προσηγορίαις
826 1487 1047 1538 διαλαβεῖν
1087 1486 1166 1539 οὐχ
1195 1480 1283 1527 οἷόν
1313 1501 1374 1538 τε,
1405 1489 1574 1534 πολλοῖς

40 1553 173 1598 witae*
212 1550 438 1608 διαφόροις
486 1551 715 1607 ὀνόμασιν,
746 1550 860 1603 ὅπως
904 1549 955 1594 ἂν
993 1549 1020 1610 ᾗ
1054 1551 1258 1608 δυνατόν,
1299 1554 1573 1605 ἀνακαλύψαι

99 1618 340 1675 βιαζόμεθα
379 1618 456 1674 τὴν
486 1620 753 1675 ἐγγινομένην
794 1618 894 1675 ἡμῖν
932 1621 1032 1675 περὶ
1058 1621 1139 1662 τοῦ
1166 1619 1286 1662 θείου
1324 1616 1573 1662 ὖπόνοιαν.”

100 1852 180 1877 cum
206 1842 257 1876 ita
284 1842 356 1878 sint
378 1842 500 1888 itaque
528 1842 783 1887 praeiudicata,
818 1843 1014 1888 repetenda
1055 1842 1207 1877 fortasse
1237 1845 1292 1876 est
1316 1840 1440 1886 lingua
1464 1840 1568 1874 nobis

100 1901 121 1924 e
146 1890 266 1935 priore
292 1891 449 1936 vestigio
474 1892 661 1934 orationis,
689 1891 724 1925 h.
753 1903 784 1925 e.
813 1891 1085 1925 demonstranda
1120 1895 1176 1924 est
1208 1889 1398 1923 multorum
1423 1887 1568 1923 illorum

98 1939 280 1972 nominum
317 1939 510 1974 concordia
550 1944 586 1972 et
619 1945 814 1973 concentus
856 1945 890 1973 et
919 1950 1011 1984 quae
1039 1940 1086 1972 sit
1126 1947 1246 1971 eorum
1273 1937 1315 1971 ad
1340 1947 1446 1970 unum
1473 1936 1568 1981 quod

102 1986 247 2030 proprie
273 1986 326 2020 sio
350 1987 481 2020 dicitur
506 1986 657 2029 relatio,
696 1987 739 2021 ad
772 1987 928 2020 divinam
955 1987 1119 2019 nimirum
1155 1985 1253 2019 illam
1281 1990 1316 2018 et
1340 1984 1480 2018 beatam
1506 1994 1566 2018 es..

97 2034 261 2076 sentiam,
285 2044 404 2078 neque
429 2035 649 2079 sequundum
662 2034 870 2068 Eunomium
888 2034 986 2068 illum
1007 2034 1152 2078 impium
1178 2033 1238 2078 qui
1262 2042 1334 2065 non
1360 2032 1474 2076 geniti
1497 2041 1568 2065 no..

97 2091 180 2116 men
205 2081 403 2116 divinitatis
438 2082 668 2116 substantiam
705 2083 810 2124 dicit,
838 2093 955 2126 neque
982 2083 1175 2115 secundum
1208 2086 1243 2114 te
1283 2079 1473 2123 putandum
1501 2085 1566 2121 est,

98 2129 305 2163 divinitates
335 2130 536 2163 summissas
571 2130 714 2163 omnino
751 2130 912 2164 diversas
948 2129 992 2163 ab
1028 2129 1184 2162 essentia
1210 2133 1246 2161 et
1283 2128 1459 2160 increatas
1487 2137 1567 2160 esse

98 2177 263 2211 inventas
290 2176 462 2222 fictasque
487 2177 531 2210 ab
569 2177 782 2212 hominibus.
847 2178 963 2211 statim
1001 2177 1093 2210 enim
1135 2181 1259 2209 contra
1285 2174 1385 2207 illum
1412 2174 1567 2208 Basilius

97 2233 247 2270 magnus
274 2224 342 2269 ait:
373 2230 468 2258 “non
497 2226 681 2268 genitum'’
711 2227 740 2259 si
766 2235 896 2258 nomen
924 2230 990 2266 est,
1016 2234 1088 2257 non
1107 2229 1160 2258 est
1192 2222 1360 2264 essentia,
1389 2222 1568 2255 essentia-

98 2281 174 2306 rum
200 2271 293 2305 enim
329 2272 567 2317 significantia
609 2278 691 2306 sunt
715 2273 885 2314 nomina,
923 2282 995 2305 non
1030 2273 1107 2315 ipsa
1142 2270 1343 2312 essentiae,
1370 2270 1425 2303 sin
1450 2275 1568 2303 autem

98 2319 212 2364 ipsum
240 2324 334 2352 “non
360 2321 544 2365 genitum‘’
573 2326 627 2354 est
653 2322 820 2363 essentia,
854 2321 998 2353 dicunto
1025 2329 1155 2352 nomen
1184 2319 1281 2352 eius:
1305 2327 1377 2351 non
1404 2318 1497 2351 enim
1523 2328 1568 2350 ex

99 2366 271 2401 essentiis
295 2368 359 2401 sed
385 2368 618 2401 enominibus
647 2374 681 2402 et
707 2368 912 2402 efficientiis
938 2366 1173 2411 intelligimus
1201 2371 1237 2399 et
1263 2366 1414 2398 maxime
1442 2365 1567 2398 incor-

98 2423 222 2458 porea.
273 2415 374 2449 vides
402 2426 446 2449 ex
471 2416 529 2458 iis,
557 2426 649 2460 quae
675 2416 872 2457 accedunt,
899 2415 1019 2448 dicere
1048 2414 1150 2447 illum
1177 2424 1221 2447 ex
1247 2413 1452 2447 efficientiis
1482 2422 1566 2446 cor-

97 2462 196 2506 poris
219 2461 332 2495 iustar
357 2463 528 2507 inspectis
556 2464 634 2497 sive
662 2463 766 2497 factis
793 2468 829 2496 et
855 2462 1023 2506 operibus
1049 2471 1115 2495 nos
1143 2460 1327 2495 declarare
1352 2462 1567 2504 incorporea

99 2514 135 2543 et
161 2518 253 2554 quae
278 2519 350 2543 non
377 2516 582 2544 cernuntur.
633 2513 758 2555 accipe
784 2515 973 2554 praeterea
1000 2519 1091 2554 quae
1118 2509 1222 2542 etiam
1250 2508 1444 2553 Gregorius
1469 2508 1565 2551 Nys-

96 2566 202 2592 saeus
233 2556 276 2590 de
300 2558 502 2592 nominibus
528 2559 645 2592 dicat:
683 2564 808 2592 natura
834 2558 972 2600 divina,
998 2557 1169 2602 quidquid
1196 2561 1250 2590 est
1274 2557 1412 2590 ratione
1438 2565 1566 2589 essen-

96 2604 170 2638 tiae
199 2603 331 2648 habita,
357 2615 427 2638 una
454 2610 508 2639 est
531 2606 683 2650 simplex
710 2611 744 2639 et
769 2605 957 2639 uniformis
985 2610 1021 2638 ct
1047 2604 1283 2648 incomposita
1310 2609 1345 2637 et
1372 2608 1471 2637 extra
1495 2612 1565 2636 no-

98 2657 206 2688 stram
232 2653 588 2689 animadversionem.
640 2659 676 2687 et
702 2653 868 2698 quoniam
894 2653 973 2686 sola
989 2662 1080 2697 quae
1106 2651 1360 2696 intelliguntur
1384 2651 1566 2685 nominum

97 2699 248 2735 vocibus
273 2699 535 2744 significamus:
561 2711 652 2746 quae
678 2707 793 2734 autem
820 2710 926 2744 supra
951 2699 1227 2744 intelligentiam
1254 2704 1348 2740 sunt,
1379 2708 1452 2733 non
1478 2707 1566 2742 pos-

97 2757 218 2783 sumus
244 2747 526 2791 significantibus
551 2748 853 2793 appellationibus
881 2747 1087 2792 complecti,
1113 2747 1294 2781 multiset
1317 2747 1470 2780 diversis
1495 2755 1565 2779 no-

97 2794 252 2833 minibus
278 2799 452 2842 quatenus
479 2795 567 2831 licet
589 2796 756 2831 revelare
783 2796 944 2843 cogimur
969 2796 1109 2831 insitam
1134 2795 1239 2830 nobis
1264 2796 1309 2829 de
1336 2796 1482 2829 numine
1507 2794 1566 2829 di..

217 2861 434 2914 nicophorus
449 2861 596 2911 (ἕτερον.
629 2861 703 2900 Vol.
721 2860 792 2899 111.
1271 2860 1315 2901 19
