1786 3138
290 202 387 251 532
585 197 588 201 ’
687 213 985 258 mespnom
1021 214 1328 261 ennecus
1355 281 1357 283 ι

287 318 352 358 ἐπ’
381 316 521 372 ὀλίγον
550 320 758 373 λαμβάνει
794 320 868 362 καί
891 324 990 364 ’τῶν
1028 325 1246 380 πρωτείων
1288 326 1447 381 γίνεται
1474 319 1743 384 κληρονόμος,

284 386 437 441 μέχρις
467 383 517 427 ἂν
549 383 572 426 ὅ
599 385 776 428 κατόπιν
803 385 878 429 ἰών
902 390 1134 445 χρημάτων
1177 390 1406 449 ἇβρότερον
1434 392 1670 450 πεποιηκώς
1697 394 1743 437 τό

282 454 531 507 βαλάντιον,
575 453 649 509 την
679 457 863 498 νικῶσαν
891 459 964 512 τῆς
992 456 1114 514 ἥττης
1146 459 1371 515 ἄλλάξηται
1410 459 1483 502 καί
1508 461 1582 515 τῆς
1608 461 1744 517 κρείτ-

283 535 400 569 τονος
425 519 573 575 χώρας
602 521 645 570 ἐξ
680 520 860 576 ἀμοιβῆς
887 523 1144 578 κληρονόμος
1174 524 1299 575 αὐτὸς
1327 527 1529 582 καταστῇ.

233 595 268 628 θ
413 586 526 628 Ἐπεί
555 588 590 628 δ’
624 583 715 636 ἑνὸς
743 590 825 630 τῶν
864 591 1031 632 πολλῶν
1061 589 1235 633 ὁτουοῦν
1272 588 1612 648 ἐπηγγειλάμεθα
1635 609 1741 649 μνη-

285 652 454 702 σθέντες
485 652 828 705 ἀνταλλάξασθαι,
860 657 993 711 πέρας
1016 659 1071 714 τῇ
1098 658 1324 717 ἐπαγγελίᾳ
1348 664 1588 715 παρασχεῖν
1618 658 1742 710 ἀξιῶ-

285 735 437 773 σωμεν.
494 716 569 772 τὴν
599 720 682 760 τῶν
719 718 910 763 Ἀλανῶν
939 723 1151 778 ἐπαρχίαν
1175 722 1281 779 πρὸς
1312 722 1491 781 ἄρκτους
1514 723 1593 781 ’τὴν
1622 727 1742 769 θέσιν

284 785 481 838 ἔχουσαν,
511 785 584 826 καί
601 787 782 828 Σκυθῶν
800 788 890 841 ,τῶν
933 789 1131 842 νομάδων
1167 788 1325 846 ὅμορον
1353 787 1496 842 οὖσαν,
1523 790 1561 834 οἱ
1595 792 1748 835 πολλοί

282 867 326 894 τε
357 851 478 894 ἴσασι
525 852 599 894 καί
637 852 823 906 μάλιστα
866 848 928 903 οἷς
966 856 1008 905 ἐξ
1047 856 1256 912 ἐμπορίας
1295 855 1319 899 o‘
1357 859 1451 911 βίος
1494 857 1742 914 ἀθροίζεται

284 918 395 968 ἔθος.
462 920 613 974 ταύτης
664 922 708 962 ἐκ
760 922 1246 973 Κωνσταντινουπόλεως
1297 923 1630 980 Τραπεζούντιός
1666 939 1740 975 τις,

284 982 417 1038 ὄνομα
449 986 637 1040 Συμεών,
669 986 891 1043 ἀρχιερεὺς
930 990 984 1044 τῇ
1022 989 1278 1044 μητροπόλει
1314 991 1629 1046 χειροτονηθεὶς
1657 990 1739 1046 πρὸ

282 1054 386 1094 ἐτῶν
429 1052 477 1093 οὗ
515 1054 680 1108 μικρῶν
723 1054 948 1109 ἀπεστάλη.
1014 1053 1122 1108 μετὰ
1160 1056 1206 1097 δὲ
1243 1055 1400 1112 χρόνον
1442 1055 1610 1112 βραχὺν
1637 1060 1738 1112 παρ’

281 1118 454 1161 ὁτουοῦν
480 1120 564 1159 τῶν
590 1120 681 1159 ἐκεῖ
701 1119 970 1173 μοναζόντων
1013 1120 1119 1176 πρὸς
1147 1126 1232 1171 τοῖς
1275 1118 1417 1172 ἄλλοις
1445 1122 1519 1165 καί
1550 1123 1738 1179 δωροδο-

281 1186 377 1227 κίαν
407 1183 645 1239 ἐγκέκληται
678 1189 951 1240 χειροτονιῶν
984 1187 1196 1241 ἀθέσμων,
1225 1187 1271 1230 τὸ
1300 1190 1375 1243 τῆς
1402 1187 1632 1244 ἱερωσύνης
1660 1206 1737 1230 κα-

282 1250 472 1306 πηλεύων
501 1250 653 1305 σεμνὸν
689 1253 762 1294 καί
801 1254 1018 1309 προτιθείς
1058 1254 1252 1309 βεβήλοις
1293 1251 1415 1297 ῶνιον
1458 1255 1638 1312 ἀνδράσι
1665 1254 1768 1311 τήν1

235 1325 263 1359 *2
276 1317 408 1371 χάριν
434 1319 509 1358 τοῦ
537 1318 783 1372 πνεύματος.
854 1321 937 1361 τῶν
963 1318 1013 1375 δὴ
1043 1322 1242 1362 τοιούτων
1268 1322 1536 1377 ἐγκλημάτων
1555 1323 1626 1365 ἐπὶ
1653 1326 1734 1365 Φι-

280 1382 433 1425 λοθέου
464 1384 539 1425 τοῦ
567 1383 673 1438 μετὰ
705 1384 781 1439 τὴν
812 1386 1057 1428 Καλλίστου
1086 1388 1339 1443 καθαίρεσιν
1369 1389 1736 1445 πατριαρχεύσαν-

277 1466 346 1499 τος
376 1450 663 1505 λαληθέντων,
711 1452 804 1494 ἐπεί
844 1453 985 1508 παρῆν
1023 1454 1096 1496 καί
1134 1453 1333 1504 Ἀλανιάς
1359 1454 1509 1507 αὖτός,
1546 1457 1592 1498 τὸ
1623 1456 1736 1507 ἀξιό-

279 1510 426 1558 πιστον
445 1515 618 1569 ἔχοντας
646 1519 688 1568 ἐξ
714 1517 916 1568 Ἀλανίας
932 1519 1155 1576 μάρτυρας
1175 1521 1523 1576 προκαλούμενος,
1554 1520 1737 1578 ὑπέρθε-

282 1598 348 1624 σιν
377 1582 572 1639 καιρικὴν
600 1581 627 1638 ἦ
656 1586 804 1640 ψῆφος
838 1586 1057 1639 λαμβάνει.
1112 1586 1329 1643 μετεώρου
1350 1589 1491 1630 τοίνυν
1517 1590 1591 1644 τῆς
1621 1589 1769 1644 ὃίκης2

282 1646 419 1704 οὔσης,
453 1650 653 1706 ἐξαίφνης
683 1650 841 1701 ἔξωθεν
874 1653 932 1701 εἰς
949 1651 995 1694 τὸ
1025 1652 1262 1704 Βυζάντιον
1305 1652 1621 1710 εἰσπεπηδηκῶς
1643 1654 1734 1696 Ἰω-

283 1715 406 1770 άννης
437 1714 460 1756 ὅ
491 1718 791 1773 Παλαιολόγος
814 1717 888 1773 τήν
917 1718 1120 1776 πατρῴαν
1150 1719 1351 1776 ἀνείληφε
1376 1721 1624 1775 βασιλείαν,
1665 1722 1734 1763 ἐκ·-

278 1781 493 1838 βεβληκώς
519 1784 882 1839 Καντακουζηνόν,
915 1783 971 1835 ὥς
999 1801 1081 1827 που
1112 1786 1186 1828 καί
1211 1787 1414 1844 πρότερον
1438 1785 1544 1842 ἡμῖν,
1565 1787 1734 1845 εἰρημέ-

1755 604 1777 640 0¹

1755 936 1774 970 μ

280 1975 398 2009 dotale
423 1986 546 2011 munus
579 1978 708 2012 venale
738 1979 888 2022 factum,
928 1981 987 2026 qui
1026 1980 1178 2025 plurima
1211 1983 1269 2017 dat
1302 1983 1487 2018 victoriam
1519 1982 1732 2029 aliquamdiu
1770 1999 1771 2002 ¹

281 2024 429 2067 suscipit
456 2029 491 2057 et
515 2025 730 2069 principatus
765 2037 951 2071 possessor
979 2034 1053 2071 est,
1091 2029 1203 2063 donec
1240 2029 1330 2064 alius
1355 2024 1477 2075 surgat
1505 2031 1564 2075 qui
1588 2031 1730 2067 sacculo
1760 2053 1782 2072 η»,

280 2070 444 2114 pleniore
469 2073 549 2105 dato
577 2083 653 2106 eum
689 2079 833 2118 superet
869 2080 904 2108 et
936 2075 1052 2110 victor
1093 2077 1312 2120 superiorem
1348 2077 1466 2112 locum
1502 2079 1732 2113 successione

281 2123 443 2162 occupet.

414 2183 629 2228 Quamquam
664 2195 768 2218 unum
795 2191 925 2219 tantum
955 2197 974 2220 e
1008 2187 1127 2221 multis
1162 2187 1331 2232 exemplis
1369 2189 1612 2232 promisimus,
1637 2200 1730 2224 nune
1776 2228 1777 2231 Ἴ

280 2234 396 2263 tamen
431 2230 523 2263 ultra
548 2232 755 2274 promissum
781 2233 1038 2276 praebebimus
1098 2234 1311 2270 Albanorum
1339 2236 1556 2279 provinciam
1582 2237 1618 2270 in
1644 2247 1730 2279 sep·
1774 2256 1781 2278 ‘a

281 2277 516 2311 tentrionales
558 2283 741 2322 spectare,
782 2290 915 2324 eosque
944 2281 1084 2324 Scythis
1110 2281 1291 2315 nomadibs
1317 2283 1497 2324 confines,
1536 2284 1590 2317 fer
1615 2284 1731 2317 omni·
1770 2284 1774 2318 .’

278 2323 343 2357 bus
369 2329 489 2356 notum
515 2330 568 2358 est
597 2331 631 2358 et
657 2326 692 2358 in
719 2327 839 2369 primis
867 2328 910 2360 iis
935 2329 994 2372 qui
1022 2339 1064 2362 ex
1089 2334 1285 2363 mercatura
1311 2330 1418 2363 vitam
1446 2331 1588 2364 ducunt.
1638 2340 1730 2375 quo-

278 2381 351 2404 rum
378 2371 566 2415 metropoli
591 2372 843 2416 Trapezuntius
872 2375 1009 2418 quidam
1034 2376 1176 2409 nomine
1190 2375 1341 2418 Symeon
1353 2376 1515 2419 Byzantii
1542 2377 1733 2420 episcopus*
1767 2393 1781 2399 ⁴

280 2423 418 2450 creatus
444 2428 514 2451 non
541 2418 660 2452 multis
697 2420 825 2453 abhinc
865 2423 964 2454 annis
1006 2423 1132 2456 missus
1166 2427 1252 2455 erat.
1302 2433 1423 2456 verum
1457 2425 1487 2456 is
1524 2434 1596 2457 non
1620 2423 1729 2457 multo
1764 2451 1779 2462 ,ἰ

280 2470 359 2507 post
386 2475 405 2497 a
433 2466 604 2499 monacho
633 2467 781 2510 quodam
815 2468 864 2501 ibi
899 2480 973 2501 cum
1009 2469 1089 2502 aliis
1115 2469 1285 2513 degente,
1312 2471 1547 2513 corruptionis
1572 2472 1607 2504 in
1633 2471 1730 2516 ordi-

278 2512 479 2545 nationibus
504 2519 689 2546 accusatus
717 2520 803 2555 εει,
832 2520 867 2548 et
892 2517 950 2560 qui
978 2516 1163 2549 sacerdotii
1190 2516 1396 2560 dignitatem
1422 2523 1460 2550 ut
1479 2527 1590 2561 caupo
1617 2521 1781 2565 vena-⁴252

277 2558 347 2591 lem
374 2558 543 2601 haberet,
572 2565 607 2592 et
632 2561 718 2594 viris
752 2561 905 2605 indignis
932 2564 1045 2605 pretio
1072 2563 1243 2596 venderet
1270 2565 1396 2596 donum
1435 2565 1547 2597 sancti
1572 2565 1729 2608 spiritus.
1743 2563 1781 2606 -ῑξῖ

279 2615 369 2648 quae
396 2616 483 2639 vero
510 2607 656 2640 crimina
694 2618 797 2651 quum
826 2608 1014 2642 Philotheo
1044 2610 1103 2654 qui
1141 2615 1221 2653 post
1246 2609 1427 2644 Callistum
1455 2610 1636 2654 expulsum
1662 2612 1771 2657 ρει-ἐἶ-

277 2653 430 2685 triarcha
458 2655 790 2696 erat'referrentur‚
818 2656 894 2698 ipse
921 2657 980 2699 qui
1008 2657 1128 2690 aderat
1152 2655 1309 2698 Alauias,
1335 2657 1402 2690 fide
1427 2658 1541 2702 dignis
1570 2669 1613 2690 ex
1637 2657 1727 2692 Ala·-
1752 2649 1781 2702 ξ

275 2700 334 2731 nia
367 2700 507 2733 arbitris
543 2702 744 2744 arcessitis,
779 2712 843 2745 per
879 2704 1046 2747 suffragia
1081 2704 1150 2736 diei
1183 2706 1468 2747 prorogationem
1501 2709 1623 2738 nactus
1662 2710 1751 2738 est.

274 2746 413 2779 interea
439 2752 572 2788 autem,
599 2748 707 2781 dilato
733 2749 791 2781 die
816 2749 960 2791 iudicii,
995 2749 1110 2783 subito
1136 2749 1344 2793 Byzantium
1370 2751 1551 2795 ingressus
1575 2751 1728 2785 Ioannes.

273 2790 513 2839 palaeologus
539 2799 722 2839 paternum
747 2795 931 2841 imperium
954 2797 1192 2842 recuperavit.
1243 2802 1282 2832 ut
1306 2808 1325 2832 a
1349 2799 1451 2834 nobis
1477 2808 1581 2844 supra
1605 2797 1724 2834 multi·
1740 2824 1745 2851 1
1778 2797 1780 2804 '
