<?xml version="1.0" encoding="UTF-8"?>
<!DOCTYPE html PUBLIC "-//W3C//DTD XHTML 1.0 Transitional//EN"
    "http://www.w3.org/TR/xhtml1/DTD/xhtml1-transitional.dtd">
<html xmlns="http://www.w3.org/1999/xhtml" xml:lang="en" lang="en">
 <head>
  <title>
</title>
<meta http-equiv="Content-Type" content="text/html;charset=utf-8" />
  <meta name='ocr-system' content='tesseract 3.04.00' />
  <meta name='ocr-capabilities' content='ocr_page ocr_carea ocr_par ocr_line ocrx_word'/>
</head>
<body>
  <div class='ocr_page' id='page_1' title='image "./corpusscriptorum40niebuoft_0484.png"; bbox 0 0 1786 3138; ppageno 0'>
   <div class='ocr_carea' id='block_1_1' title="bbox 243 134 1311 187">
    <p class='ocr_par' dir='ltr' id='par_1_1' title="bbox 243 134 1311 187">
     <span class='ocr_line' id='line_1_1' title="bbox 243 134 1311 187; baseline -0.001 -1"><span class='ocrx_word' id='word_1_1' title='bbox 243 134 342 187; x_wconf 82' lang='lat'><strong>472</strong></span> <span class='ocrx_word' id='word_1_2' title='bbox 424 173 429 182; x_wconf 64' lang='lat'><strong>‚.</strong></span> <span class='ocrx_word' id='word_1_3' title='bbox 499 180 501 184; x_wconf 68' lang='lat'>,</span> <span class='ocrx_word' id='word_1_4' title='bbox 661 142 958 187; x_wconf 74' lang='lat' dir='ltr'><strong>Nlcsspflom</strong></span> <span class='ocrx_word' id='word_1_5' title='bbox 1006 142 1311 186; x_wconf 74' lang='lat' dir='ltr'><strong>GREGonAss</strong></span> 
     </span>
    </p>
   </div>
   <div class='ocr_carea' id='block_1_2' title="bbox 73 228 1763 574">
    <p class='ocr_par' dir='ltr' id='par_1_2' title="bbox 73 228 1763 574">
     <span class='ocr_line' id='line_1_2' title="bbox 73 228 1761 307; baseline 0.003 -17"><span class='ocrx_word' id='word_1_6' title='bbox 73 251 183 291; x_wconf 59' lang='lat'><strong>2244</strong></span> <span class='ocrx_word' id='word_1_7' title='bbox 196 264 229 290; x_wconf 85' lang='lat' dir='ltr'><strong>a.</strong></span> <span class='ocrx_word' id='word_1_8' title='bbox 244 250 323 301; x_wconf 67' lang='grc' dir='ltr'><strong>θτύς</strong></span> <span class='ocrx_word' id='word_1_9' title='bbox 345 238 560 301; x_wconf 65' lang='grc' dir='ltr'><em>καίἀῦτὸς</em></span> <span class='ocrx_word' id='word_1_10' title='bbox 581 250 828 306; x_wconf 76' lang='grc' dir='ltr'><em>ἑξηρεύξατο</em></span> <span class='ocrx_word' id='word_1_11' title='bbox 856 228 1005 305; x_wconf 77' lang='grc' dir='ltr'><em>λόγους</em></span> <span class='ocrx_word' id='word_1_12' title='bbox 1034 249 1133 305; x_wconf 77' lang='grc' dir='ltr'><em>περὶ</em></span> <span class='ocrx_word' id='word_1_13' title='bbox 1157 248 1298 306; x_wconf 74' lang='grc' dir='ltr'><em>φ’ωτὸς</em></span> <span class='ocrx_word' id='word_1_14' title='bbox 1315 250 1569 307; x_wconf 60' lang='grc' dir='ltr'><em>ἐπιγράψας,</em></span> <span class='ocrx_word' id='word_1_15' title='bbox 1589 250 1706 307; x_wconf 83' lang='grc' dir='ltr'><em>μάλα</em></span> <span class='ocrx_word' id='word_1_16' title='bbox 1740 241 1761 253; x_wconf 30' lang='lat'><strong>&#39;¹</strong></span> 
     </span>
     <span class='ocr_line' id='line_1_3' title="bbox 245 315 1759 375; baseline -0.001 -12"><span class='ocrx_word' id='word_1_17' title='bbox 245 322 283 363; x_wconf 84' lang='grc' dir='ltr'><strong>δ’</strong></span> <span class='ocrx_word' id='word_1_18' title='bbox 313 318 414 375; x_wconf 83' lang='grc' dir='ltr'><em>ἧμΐν</em></span> <span class='ocrx_word' id='word_1_19' title='bbox 445 316 601 373; x_wconf 80' lang='grc' dir='ltr'><em>πολλὴν</em></span> <span class='ocrx_word' id='word_1_20' title='bbox 639 315 925 373; x_wconf 79' lang='grc' dir='ltr'><em>παρέσχετὴν</em></span> <span class='ocrx_word' id='word_1_21' title='bbox 951 315 1053 372; x_wconf 73' lang='grc' dir='ltr'><em>ὕλην</em></span> <span class='ocrx_word' id='word_1_22' title='bbox 1091 318 1134 368; x_wconf 77' lang='grc' dir='ltr'><strong>ἐξ</strong></span> <span class='ocrx_word' id='word_1_23' title='bbox 1174 316 1429 373; x_wconf 78' lang='grc' dir='ltr'><em>ἀντιρρόπου</em></span> <span class='ocrx_word' id='word_1_24' title='bbox 1465 317 1706 375; x_wconf 76' lang='grc' dir='ltr'><em>γράφουσιν</em></span> <span class='ocrx_word' id='word_1_25' title='bbox 1758 327 1759 330; x_wconf 76' lang='grc'>’</span> 
     </span>
     <span class='ocr_line' id='line_1_4' title="bbox 243 382 1763 442; baseline 0 -15"><span class='ocrx_word' id='word_1_26' title='bbox 243 386 428 442; x_wconf 76' lang='grc' dir='ltr'><em>ἐλέγχειν</em></span> <span class='ocrx_word' id='word_1_27' title='bbox 468 383 592 434; x_wconf 72' lang='grc' dir='ltr'><em>αὐτὸν</em></span> <span class='ocrx_word' id='word_1_28' title='bbox 619 383 845 439; x_wconf 78' lang='grc' dir='ltr'><em>τηνικαῦτά</em></span> <span class='ocrx_word' id='word_1_29' title='bbox 872 399 917 425; x_wconf 87' lang='grc' dir='ltr'><em>τε</em></span> <span class='ocrx_word' id='word_1_30' title='bbox 956 383 1028 426; x_wconf 84' lang='grc' dir='ltr'><em>καί</em></span> <span class='ocrx_word' id='word_1_31' title='bbox 1056 382 1161 425; x_wconf 77' lang='grc' dir='ltr'><em>κατά</em></span> <span class='ocrx_word' id='word_1_32' title='bbox 1204 383 1467 438; x_wconf 77' lang='grc' dir='ltr'><em>διαστήματα</em></span> <span class='ocrx_word' id='word_1_33' title='bbox 1507 386 1706 441; x_wconf 77' lang='grc' dir='ltr'><em>διηνεκῶς</em></span> <span class='ocrx_word' id='word_1_34' title='bbox 1762 427 1763 438; x_wconf 33' lang='lat'>2</span> 
     </span>
     <span class='ocr_line' id='line_1_5' title="bbox 243 445 1704 507; baseline 0 -14"><span class='ocrx_word' id='word_1_35' title='bbox 243 452 406 493; x_wconf 75' lang='grc' dir='ltr'><em>ἐκεῖθεν</em></span> <span class='ocrx_word' id='word_1_36' title='bbox 450 451 650 507; x_wconf 83' lang='grc' dir='ltr'><em>καιρικά,</em></span> <span class='ocrx_word' id='word_1_37' title='bbox 705 449 762 499; x_wconf 77' lang='grc' dir='ltr'><strong>ὥς</strong></span> <span class='ocrx_word' id='word_1_38' title='bbox 799 445 908 491; x_wconf 87' lang='grc' dir='ltr'><em>εἶναι</em></span> <span class='ocrx_word' id='word_1_39' title='bbox 946 450 1019 492; x_wconf 85' lang='grc' dir='ltr'><em>καί</em></span> <span class='ocrx_word' id='word_1_40' title='bbox 1046 451 1176 491; x_wconf 79' lang='grc' dir='ltr'><em>ταῦτα</em></span> <span class='ocrx_word' id='word_1_41' title='bbox 1216 447 1244 490; x_wconf 74' lang='grc' dir='ltr'><em>ἃ</em></span> <span class='ocrx_word' id='word_1_42' title='bbox 1271 451 1344 492; x_wconf 82' lang='grc' dir='ltr'><strong>νῦν</strong></span> <span class='ocrx_word' id='word_1_43' title='bbox 1385 451 1453 506; x_wconf 78' lang='grc' dir='ltr'><strong>ἐφ’</strong></span> <span class='ocrx_word' id='word_1_44' title='bbox 1482 448 1600 506; x_wconf 70' lang='grc' dir='ltr'><em>ὑμῶν</em></span> <span class='ocrx_word' id='word_1_45' title='bbox 1627 467 1704 506; x_wconf 91' lang='grc' dir='ltr'><strong>μοι</strong></span> 
     </span>
     <span class='ocr_line' id='line_1_6' title="bbox 247 515 1737 574; baseline 0.001 -15"><span class='ocrx_word' id='word_1_46' title='bbox 247 516 443 569; x_wconf 84' lang='grc' dir='ltr'><em>διεξιέναι</em></span> <span class='ocrx_word' id='word_1_47' title='bbox 472 517 772 572; x_wconf 79' lang='grc' dir='ltr'><em>συμπέπτωκε,</em></span> <span class='ocrx_word' id='word_1_48' title='bbox 812 517 893 573; x_wconf 28' lang='grc' dir='ltr'><strong>τῆς,</strong></span> <span class='ocrx_word' id='word_1_49' title='bbox 920 515 1054 557; x_wconf 87' lang='grc' dir='ltr'><em>πάλαι</em></span> <span class='ocrx_word' id='word_1_50' title='bbox 1092 521 1242 565; x_wconf 87' lang='grc' dir='ltr'><em>κακιάς</em></span> <span class='ocrx_word' id='word_1_51' title='bbox 1286 515 1415 559; x_wconf 76' lang='grc' dir='ltr'><em>αὐτοῦ</em></span> <span class='ocrx_word' id='word_1_52' title='bbox 1455 517 1591 574; x_wconf 82' lang='grc' dir='ltr'><em>μικρά</em></span> <span class='ocrx_word' id='word_1_53' title='bbox 1613 521 1737 561; x_wconf 75' lang='grc' dir='ltr'><strong>τιναῦ</strong></span> 
     </span>
    </p>
   </div>
   <div class='ocr_carea' id='block_1_3' title="bbox 1732 0 1786 1497">
    <p class='ocr_par' dir='ltr' id='par_1_3' title="bbox 1732 0 1786 1497">
     <span class='ocr_line' id='line_1_7' title="bbox 1732 0 1786 601; baseline 0 0"><span class='ocrx_word' id='word_1_54' title='bbox 1732 0 1786 601; x_wconf 95' lang='lat' dir='ltr'><strong>  </strong></span> 
     </span>
     <span class='ocr_line' id='line_1_8' title="bbox 1759 601 1786 1497; baseline 0 -666"><span class='ocrx_word' id='word_1_55' title='bbox 1759 601 1786 1497; x_wconf 95' lang='lat' dir='ltr'><strong>   </strong></span> 
     </span>
    </p>
   </div>
   <div class='ocr_carea' id='block_1_4' title="bbox 150 581 1786 1914">
    <p class='ocr_par' dir='ltr' id='par_1_4' title="bbox 150 581 1786 1915">
     <span class='ocr_line' id='line_1_9' title="bbox 245 581 1761 639; baseline 0.002 -15"><span class='ocrx_word' id='word_1_56' title='bbox 245 581 538 639; x_wconf 75' lang='grc' dir='ltr'><em>ὑπομνήματα.</em></span> <span class='ocrx_word' id='word_1_57' title='bbox 571 588 586 599; x_wconf 82' lang='grc'><strong>’“</strong></span> <span class='ocrx_word' id='word_1_58' title='bbox 1759 624 1761 627; x_wconf 94' lang='grc'>.</span> 
     </span>
     <span class='ocr_line' id='line_1_10' title="bbox 156 649 1764 708; baseline 0.002 -19"><span class='ocrx_word' id='word_1_59' title='bbox 156 655 230 689; x_wconf 67' lang='lat'><strong>62</strong></span> <span class='ocrx_word' id='word_1_60' title='bbox 373 650 504 696; x_wconf 78' lang='grc' dir='ltr'><strong>Ἀλλὰ</strong></span> <span class='ocrx_word' id='word_1_61' title='bbox 546 650 650 708; x_wconf 86' lang='grc' dir='ltr'><em>φέρε</em></span> <span class='ocrx_word' id='word_1_62' title='bbox 676 650 750 693; x_wconf 85' lang='grc' dir='ltr'><em>καί</em></span> <span class='ocrx_word' id='word_1_63' title='bbox 791 651 864 692; x_wconf 76' lang='grc' dir='ltr'><strong>νῦν</strong></span> <span class='ocrx_word' id='word_1_64' title='bbox 902 649 973 692; x_wconf 84' lang='grc' dir='ltr'><strong>τὸν</strong></span> <span class='ocrx_word' id='word_1_65' title='bbox 1016 651 1260 707; x_wconf 87' lang='grc' dir='ltr'><em>παράνομον</em></span> <span class='ocrx_word' id='word_1_66' title='bbox 1298 651 1555 704; x_wconf 76' lang='grc' dir='ltr'><em>ἅνελίξαντες</em></span> <span class='ocrx_word' id='word_1_67' title='bbox 1586 652 1703 694; x_wconf 57' lang='grc' dir='ltr'><strong>«ἐκεῖ-</strong></span> <span class='ocrx_word' id='word_1_68' title='bbox 1752 672 1764 692; x_wconf 59' lang='lat'>2</span> 
     </span>
     <span class='ocr_line' id='line_1_11' title="bbox 241 714 1759 775; baseline 0 -15"><span class='ocrx_word' id='word_1_69' title='bbox 241 734 312 760; x_wconf 90' lang='grc' dir='ltr'><strong>νον</strong></span> <span class='ocrx_word' id='word_1_70' title='bbox 360 718 508 773; x_wconf 84' lang='grc' dir='ltr'><em>τόμον,</em></span> <span class='ocrx_word' id='word_1_71' title='bbox 547 716 621 768; x_wconf 81' lang='grc' dir='ltr'><strong>τὰς</strong></span> <span class='ocrx_word' id='word_1_72' title='bbox 667 717 764 768; x_wconf 90' lang='grc' dir='ltr'><em>νέας</em></span> <span class='ocrx_word' id='word_1_73' title='bbox 813 716 914 773; x_wconf 73' lang='grc' dir='ltr'><em>ἡμῖν</em></span> <span class='ocrx_word' id='word_1_74' title='bbox 953 717 1254 773; x_wconf 74' lang='grc' dir='ltr'><em>παρανάγνωτε</em></span> <span class='ocrx_word' id='word_1_75' title='bbox 1296 714 1576 775; x_wconf 71' lang='grc' dir='ltr'><em>βλασφημίας</em></span> <span class='ocrx_word' id='word_1_76' title='bbox 1625 718 1702 760; x_wconf 84' lang='grc' dir='ltr'><strong>αὖ-</strong></span> <span class='ocrx_word' id='word_1_77' title='bbox 1734 723 1759 741; x_wconf 68' lang='grc'><strong>·’</strong></span> 
     </span>
     <span class='ocr_line' id='line_1_12' title="bbox 239 789 1700 847; baseline -0.001 -14"><span class='ocrx_word' id='word_1_78' title='bbox 239 792 326 842; x_wconf 83' lang='grc' dir='ltr'><em>τοῦ,</em></span> <span class='ocrx_word' id='word_1_79' title='bbox 356 789 517 840; x_wconf 74' lang='grc' dir='ltr'><em>ὁπόσας</em></span> <span class='ocrx_word' id='word_1_80' title='bbox 548 790 598 846; x_wconf 82' lang='grc' dir='ltr'><strong>δὴ</strong></span> <span class='ocrx_word' id='word_1_81' title='bbox 624 791 697 833; x_wconf 83' lang='grc' dir='ltr'>καί</span> <span class='ocrx_word' id='word_1_82' title='bbox 729 791 820 840; x_wconf 81' lang='grc' dir='ltr'><em>οἵας</em></span> <span class='ocrx_word' id='word_1_83' title='bbox 849 790 927 832; x_wconf 81' lang='grc' dir='ltr'><strong>κάν</strong></span> <span class='ocrx_word' id='word_1_84' title='bbox 954 792 1063 847; x_wconf 72' lang='grc' dir='ltr'><em>τῷδε</em></span> <span class='ocrx_word' id='word_1_85' title='bbox 1091 790 1190 846; x_wconf 74' lang='grc' dir='ltr'><em>περὶ</em></span> <span class='ocrx_word' id='word_1_86' title='bbox 1227 792 1300 846; x_wconf 80' lang='grc' dir='ltr'><strong>τῆς</strong></span> <span class='ocrx_word' id='word_1_87' title='bbox 1327 792 1402 834; x_wconf 79' lang='grc' dir='ltr'><strong>τοῦ</strong></span> <span class='ocrx_word' id='word_1_88' title='bbox 1430 789 1581 847; x_wconf 87' lang='grc' dir='ltr'><em>κυριόυ</em></span> <span class='ocrx_word' id='word_1_89' title='bbox 1613 791 1700 833; x_wconf 88' lang='grc' dir='ltr'><em>διε-</em></span> 
     </span>
     <span class='ocr_line' id='line_1_13' title="bbox 241 855 1769 915; baseline -0.002 -16"><span class='ocrx_word' id='word_1_90' title='bbox 241 857 461 914; x_wconf 77' lang='grc' dir='ltr'><em>ξεληλύθει</em></span> <span class='ocrx_word' id='word_1_91' title='bbox 488 858 885 914; x_wconf 76' lang='grc' dir='ltr'><em>μεταμορφώσεως,</em></span> <span class='ocrx_word' id='word_1_92' title='bbox 923 858 992 899; x_wconf 77' lang='grc' dir='ltr'><strong>ἵνα</strong></span> <span class='ocrx_word' id='word_1_93' title='bbox 1022 858 1095 900; x_wconf 86' lang='grc' dir='ltr'>καί</span> <span class='ocrx_word' id='word_1_94' title='bbox 1137 855 1268 914; x_wconf 76' lang='grc' dir='ltr'><em>ἄμφω</em></span> <span class='ocrx_word' id='word_1_95' title='bbox 1300 857 1563 915; x_wconf 84' lang='grc' dir='ltr'><em>σαφέστερον</em></span> <span class='ocrx_word' id='word_1_96' title='bbox 1590 860 1698 915; x_wconf 74' lang='grc' dir='ltr'><strong>γνῶ-</strong></span> <span class='ocrx_word' id='word_1_97' title='bbox 1716 859 1769 913; x_wconf 22' lang='lat'><strong>¹⁰⁷</strong></span> 
     </span>
     <span class='ocr_line' id='line_1_14' title="bbox 239 921 1703 980; baseline 0.001 -16"><span class='ocrx_word' id='word_1_98' title='bbox 239 939 329 978; x_wconf 90' lang='grc' dir='ltr'><em>μεν,</em></span> <span class='ocrx_word' id='word_1_99' title='bbox 358 924 451 966; x_wconf 74' lang='grc' dir='ltr'><em>τίνα</em></span> <span class='ocrx_word' id='word_1_100' title='bbox 485 927 574 965; x_wconf 84' lang='grc' dir='ltr'><em>ποτ’</em></span> <span class='ocrx_word' id='word_1_101' title='bbox 608 922 724 980; x_wconf 74' lang='grc' dir='ltr'><em>αὐτῷ’</em></span> <span class='ocrx_word' id='word_1_102' title='bbox 748 924 820 965; x_wconf 82' lang='grc' dir='ltr'><em>καί</em></span> <span class='ocrx_word' id='word_1_103' title='bbox 861 922 1012 966; x_wconf 79' lang='grc' dir='ltr'><em>ὄποιάν</em></span> <span class='ocrx_word' id='word_1_104' title='bbox 1052 922 1272 979; x_wconf 77' lang='grc' dir='ltr'><em>εἴργασται</em></span> <span class='ocrx_word' id='word_1_105' title='bbox 1308 921 1382 978; x_wconf 78' lang='grc' dir='ltr'><strong>τὴν</strong></span> <span class='ocrx_word' id='word_1_106' title='bbox 1424 923 1650 966; x_wconf 72' lang='grc' dir='ltr'><em>ἀλλοίωσιν</em></span> <span class='ocrx_word' id='word_1_107' title='bbox 1678 922 1703 965; x_wconf 80' lang='lat'><strong>0‘</strong></span> 
     </span>
     <span class='ocr_line' id='line_1_15' title="bbox 241 987 1700 1047; baseline 0 -15"><span class='ocrx_word' id='word_1_108' title='bbox 241 990 376 1033; x_wconf 86' lang='grc' dir='ltr'><em>πάντα</em></span> <span class='ocrx_word' id='word_1_109' title='bbox 411 992 537 1032; x_wconf 78' lang='grc' dir='ltr'><em>κινῶν</em></span> <span class='ocrx_word' id='word_1_110' title='bbox 565 990 639 1032; x_wconf 83' lang='grc' dir='ltr'><em>καί</em></span> <span class='ocrx_word' id='word_1_111' title='bbox 665 991 943 1044; x_wconf 81' lang='grc' dir='ltr'><em>μεταβάλλων</em></span> <span class='ocrx_word' id='word_1_112' title='bbox 957 990 1124 1046; x_wconf 79' lang='grc' dir='ltr'><em>χρόνος,</em></span> <span class='ocrx_word' id='word_1_113' title='bbox 1153 991 1226 1032; x_wconf 85' lang='grc' dir='ltr'>καί</span> <span class='ocrx_word' id='word_1_114' title='bbox 1253 987 1440 1046; x_wconf 79' lang='grc' dir='ltr'><em>ὅποτέρῳ</em></span> <span class='ocrx_word' id='word_1_115' title='bbox 1469 989 1594 1047; x_wconf 82' lang='grc' dir='ltr'><em>μέρει</em></span> <span class='ocrx_word' id='word_1_116' title='bbox 1622 990 1700 1047; x_wconf 84' lang='grc' dir='ltr'><strong>φέ-</strong></span> 
     </span>
     <span class='ocr_line' id='line_1_16' title="bbox 244 1051 1732 1114; baseline 0.001 -17"><span class='ocrx_word' id='word_1_117' title='bbox 244 1073 329 1114; x_wconf 88' lang='grc' dir='ltr'><strong>ρων</strong></span> <span class='ocrx_word' id='word_1_118' title='bbox 374 1058 536 1099; x_wconf 82' lang='grc' dir='ltr'><em>ἐκεΐθεν</em></span> <span class='ocrx_word' id='word_1_119' title='bbox 580 1057 855 1112; x_wconf 79' lang='grc' dir='ltr'><em>προσένειμεν</em></span> <span class='ocrx_word' id='word_1_120' title='bbox 892 1051 1010 1106; x_wconf 78' lang='grc' dir='ltr'><em>οὗτος</em></span> <span class='ocrx_word' id='word_1_121' title='bbox 1055 1055 1200 1107; x_wconf 71' lang='grc' dir='ltr'><em>αι’-τόν,</em></span> <span class='ocrx_word' id='word_1_122' title='bbox 1243 1058 1362 1098; x_wconf 83' lang='grc' dir='ltr'><em>δυοῖν</em></span> <span class='ocrx_word' id='word_1_123' title='bbox 1389 1071 1434 1098; x_wconf 87' lang='grc' dir='ltr'><em>τε</em></span> <span class='ocrx_word' id='word_1_124' title='bbox 1471 1052 1607 1101; x_wconf 79' lang='grc' dir='ltr'><em>ὄντοιν</em></span> <span class='ocrx_word' id='word_1_125' title='bbox 1636 1056 1732 1099; x_wconf 38' lang='grc' dir='ltr'><strong>οἷείΚ</strong></span> 
     </span>
     <span class='ocr_line' id='line_1_17' title="bbox 243 1117 1702 1182; baseline -0.001 -15"><span class='ocrx_word' id='word_1_126' title='bbox 243 1123 316 1167; x_wconf 83' lang='grc' dir='ltr'><em>καί</em></span> <span class='ocrx_word' id='word_1_127' title='bbox 343 1125 404 1181; x_wconf 73' lang='grc' dir='ltr'><strong>τῷ</strong></span> <span class='ocrx_word' id='word_1_128' title='bbox 429 1124 508 1179; x_wconf 70' lang='grc' dir='ltr'><strong>βίῳ</strong></span> <span class='ocrx_word' id='word_1_129' title='bbox 541 1123 723 1180; x_wconf 74' lang='grc' dir='ltr'><em>δημοσίᾳ</em></span> <span class='ocrx_word' id='word_1_130' title='bbox 765 1123 1177 1177; x_wconf 80' lang='grc' dir='ltr'><em>ἐμπολιτευομένων,</em></span> <span class='ocrx_word' id='word_1_131' title='bbox 1217 1124 1292 1165; x_wconf 82' lang='grc' dir='ltr'><strong>τοῦ</strong></span> <span class='ocrx_word' id='word_1_132' title='bbox 1331 1139 1375 1166; x_wconf 90' lang='grc' dir='ltr'><em>τε</em></span> <span class='ocrx_word' id='word_1_133' title='bbox 1413 1124 1635 1180; x_wconf 69' lang='grc' dir='ltr'><em>χείρονος,</em></span> <span class='ocrx_word' id='word_1_134' title='bbox 1667 1117 1702 1182; x_wconf 75' lang='grc' dir='ltr'><em>ᾦ</em></span> 
     </span>
     <span class='ocr_line' id='line_1_18' title="bbox 242 1184 1758 1246; baseline 0.001 -14"><span class='ocrx_word' id='word_1_135' title='bbox 242 1190 375 1232; x_wconf 89' lang='grc' dir='ltr'><em>πάλαι</em></span> <span class='ocrx_word' id='word_1_136' title='bbox 409 1189 552 1246; x_wconf 86' lang='grc' dir='ltr'><em>φέρων</em></span> <span class='ocrx_word' id='word_1_137' title='bbox 584 1187 709 1238; x_wconf 75' lang='grc' dir='ltr'><em>αὐτὸς</em></span> <span class='ocrx_word' id='word_1_138' title='bbox 753 1184 904 1231; x_wconf 69' lang='grc' dir='ltr'><em>ἑαυτὸν</em></span> <span class='ocrx_word' id='word_1_139' title='bbox 933 1187 1153 1244; x_wconf 72' lang='grc' dir='ltr'><em>ἐθελοντὴν</em></span> <span class='ocrx_word' id='word_1_140' title='bbox 1181 1190 1419 1245; x_wconf 84' lang='grc' dir='ltr'><em>παρέσχετο</em></span> <span class='ocrx_word' id='word_1_141' title='bbox 1460 1191 1699 1246; x_wconf 85' lang='grc' dir='ltr'><em>λατρευτήν,</em></span> <span class='ocrx_word' id='word_1_142' title='bbox 1715 1197 1758 1233; x_wconf 81' lang='grc'><strong>15</strong></span> 
     </span>
     <span class='ocr_line' id='line_1_19' title="bbox 241 1249 1701 1312; baseline 0 -13"><span class='ocrx_word' id='word_1_143' title='bbox 241 1258 315 1300; x_wconf 82' lang='grc' dir='ltr'>καί</span> <span class='ocrx_word' id='word_1_144' title='bbox 346 1252 402 1298; x_wconf 75' lang='grc' dir='ltr'><strong>αὖ</strong></span> <span class='ocrx_word' id='word_1_145' title='bbox 429 1256 504 1298; x_wconf 80' lang='grc' dir='ltr'><strong>τοῦ</strong></span> <span class='ocrx_word' id='word_1_146' title='bbox 529 1255 750 1310; x_wconf 77' lang='grc' dir='ltr'><em>βελτίονος,</em></span> <span class='ocrx_word' id='word_1_147' title='bbox 781 1249 831 1296; x_wconf 73' lang='grc' dir='ltr'><strong>οὗ</strong></span> <span class='ocrx_word' id='word_1_148' title='bbox 859 1257 1031 1312; x_wconf 79' lang='grc' dir='ltr'><em>φυγάδα</em></span> <span class='ocrx_word' id='word_1_149' title='bbox 1069 1257 1142 1298; x_wconf 81' lang='grc' dir='ltr'>καί</span> <span class='ocrx_word' id='word_1_150' title='bbox 1180 1255 1391 1312; x_wconf 86' lang='grc' dir='ltr'><em>δραπέτην</em></span> <span class='ocrx_word' id='word_1_151' title='bbox 1421 1255 1576 1308; x_wconf 80' lang='grc' dir='ltr'><em>ἔδειξεν</em></span> <span class='ocrx_word' id='word_1_152' title='bbox 1603 1258 1701 1299; x_wconf 77' lang='grc' dir='ltr'><em>ἕθε-</em></span> 
     </span>
     <span class='ocr_line' id='line_1_20' title="bbox 150 1317 1700 1380; baseline 0 -14"><span class='ocrx_word' id='word_1_153' title='bbox 150 1327 223 1361; x_wconf 67' lang='grc'><strong>68</strong></span> <span class='ocrx_word' id='word_1_154' title='bbox 240 1322 386 1379; x_wconf 85' lang='grc' dir='ltr'><em>λοντὴν</em></span> <span class='ocrx_word' id='word_1_155' title='bbox 415 1324 577 1365; x_wconf 79' lang='grc' dir='ltr'><em>ἐκεῖθεν</em></span> <span class='ocrx_word' id='word_1_156' title='bbox 603 1317 765 1364; x_wconf 71' lang='grc' dir='ltr'><em>ἑαυτόν.</em></span> <span class='ocrx_word' id='word_1_157' title='bbox 825 1321 933 1364; x_wconf 74' lang='grc' dir='ltr'><em>ἄλλα</em></span> <span class='ocrx_word' id='word_1_158' title='bbox 959 1322 1182 1378; x_wconf 76' lang='grc' dir='ltr'><em>λεληθέναι</em></span> <span class='ocrx_word' id='word_1_159' title='bbox 1207 1338 1282 1378; x_wconf 93' lang='grc' dir='ltr'><strong>μοι</strong></span> <span class='ocrx_word' id='word_1_160' title='bbox 1308 1323 1514 1366; x_wconf 76' lang='grc' dir='ltr'><em>δοκεῖκαὶ</em></span> <span class='ocrx_word' id='word_1_161' title='bbox 1543 1322 1566 1366; x_wconf 79' lang='grc' dir='ltr'>ὅ</span> <span class='ocrx_word' id='word_1_162' title='bbox 1593 1323 1700 1380; x_wconf 85' lang='grc' dir='ltr'><em>χρό-</em></span> 
     </span>
     <span class='ocr_line' id='line_1_21' title="bbox 240 1384 1700 1470; baseline 0 -38"><span class='ocrx_word' id='word_1_163' title='bbox 240 1406 310 1440; x_wconf 87' lang='grc' dir='ltr'><strong>νος</strong></span> <span class='ocrx_word' id='word_1_164' title='bbox 341 1388 465 1439; x_wconf 82' lang='grc' dir='ltr'><em>αὕτὸς</em></span> <span class='ocrx_word' id='word_1_165' title='bbox 493 1385 668 1439; x_wconf 75' lang='grc' dir='ltr'><em>ἑαυτόν,</em></span> <span class='ocrx_word' id='word_1_166' title='bbox 709 1387 783 1444; x_wconf 79' lang='grc' dir='ltr'><strong>τὴν</strong></span> <span class='ocrx_word' id='word_1_167' title='bbox 811 1384 965 1431; x_wconf 68' lang='grc' dir='ltr'><em>ἑαυτοῦ</em></span> <span class='ocrx_word' id='word_1_168' title='bbox 1005 1391 1167 1443; x_wconf 80' lang='grc' dir='ltr'><em>μᾶλλον</em></span> <span class='ocrx_word' id='word_1_169' title='bbox 1197 1384 1322 1440; x_wconf 77' lang='grc' dir='ltr'><em>αὐτὸς</em></span> <span class='ocrx_word' id='word_1_170' title='bbox 1339 1389 1612 1470; x_wconf 44' lang='grc' dir='ltr'><em>υπεριτρέψας</em></span> <span class='ocrx_word' id='word_1_171' title='bbox 1633 1391 1700 1432; x_wconf 80' lang='grc' dir='ltr'><strong>ἒν-</strong></span> 
     </span>
     <span class='ocr_line' id='line_1_22' title="bbox 239 1454 1701 1514; baseline -0.001 -15"><span class='ocrx_word' id='word_1_172' title='bbox 239 1458 381 1500; x_wconf 82' lang='grc' dir='ltr'><strong>ταῦθα</strong></span> <span class='ocrx_word' id='word_1_173' title='bbox 414 1456 540 1514; x_wconf 88' lang='grc' dir='ltr'><em>φυσιν</em></span> <span class='ocrx_word' id='word_1_174' title='bbox 569 1455 596 1511; x_wconf 82' lang='grc' dir='ltr'><em>ἢ</em></span> <span class='ocrx_word' id='word_1_175' title='bbox 624 1454 698 1511; x_wconf 79' lang='grc' dir='ltr'><strong>τὴν</strong></span> <span class='ocrx_word' id='word_1_176' title='bbox 734 1457 809 1497; x_wconf 81' lang='grc' dir='ltr'><strong>τοῦ</strong></span> <span class='ocrx_word' id='word_1_177' title='bbox 834 1458 1034 1510; x_wconf 82' lang='grc' dir='ltr'><em>Παλαμᾶ</em></span> <span class='ocrx_word' id='word_1_178' title='bbox 1064 1456 1228 1499; x_wconf 86' lang='grc' dir='ltr'><em>κακι’.αν</em></span> <span class='ocrx_word' id='word_1_179' title='bbox 1299 1457 1360 1513; x_wconf 76' lang='grc' dir='ltr'><em>τῶ</em></span> <span class='ocrx_word' id='word_1_180' title='bbox 1387 1455 1468 1513; x_wconf 77' lang='grc' dir='ltr'><strong>γὰρ</strong></span> <span class='ocrx_word' id='word_1_181' title='bbox 1500 1457 1701 1508; x_wconf 82' lang='grc' dir='ltr'><em>καθάπαξ</em></span> 
     </span>
     <span class='ocr_line' id='line_1_23' title="bbox 242 1518 1786 1583; baseline -0.001 -18"><span class='ocrx_word' id='word_1_182' title='bbox 242 1525 302 1574; x_wconf 87' lang='grc' dir='ltr'><em>εἷς</em></span> <span class='ocrx_word' id='word_1_183' title='bbox 327 1524 462 1578; x_wconf 82' lang='grc' dir='ltr'><em>βάθος</em></span> <span class='ocrx_word' id='word_1_184' title='bbox 491 1522 780 1578; x_wconf 87' lang='grc' dir='ltr'><em>εμπεπτωκότι</em></span> <span class='ocrx_word' id='word_1_185' title='bbox 809 1524 950 1565; x_wconf 79' lang='grc' dir='ltr'><em>κακῶν</em></span> <span class='ocrx_word' id='word_1_186' title='bbox 978 1522 1250 1579; x_wconf 79' lang='grc' dir='ltr'><em>παγχάλεπον</em></span> <span class='ocrx_word' id='word_1_187' title='bbox 1293 1518 1403 1566; x_wconf 84' lang='grc' dir='ltr'><em>εἶναι</em></span> <span class='ocrx_word' id='word_1_188' title='bbox 1432 1522 1591 1583; x_wconf 73' lang='grc' dir='ltr'><em>ρᾳδίως</em></span> <span class='ocrx_word' id='word_1_189' title='bbox 1616 1540 1699 1565; x_wconf 89' lang='grc' dir='ltr'><strong>πα-</strong></span> <span class='ocrx_word' id='word_1_190' title='bbox 1710 1523 1756 1569; x_wconf 80' lang='lat'><strong>20</strong></span> <span class='ocrx_word' id='word_1_191' title='bbox 1775 1544 1786 1569; x_wconf 99' lang='grc'>1</span> 
     </span>
     <span class='ocr_line' id='line_1_24' title="bbox 241 1586 1699 1646; baseline -0.001 -14"><span class='ocrx_word' id='word_1_192' title='bbox 241 1586 483 1646; x_wconf 89' lang='grc' dir='ltr'><em>λινδρομειν</em></span> <span class='ocrx_word' id='word_1_193' title='bbox 520 1606 563 1639; x_wconf 90' lang='grc' dir='ltr'><em>ες</em></span> <span class='ocrx_word' id='word_1_194' title='bbox 602 1587 647 1631; x_wconf 88' lang='grc' dir='ltr'>τὸ</span> <span class='ocrx_word' id='word_1_195' title='bbox 679 1589 788 1631; x_wconf 87' lang='grc' dir='ltr'><em>πάνυ</em></span> <span class='ocrx_word' id='word_1_196' title='bbox 816 1605 856 1632; x_wconf 89' lang='grc' dir='ltr'><strong>τι</strong></span> <span class='ocrx_word' id='word_1_197' title='bbox 899 1589 1085 1643; x_wconf 87' lang='grc' dir='ltr'><em>βέλτιον,</em></span> <span class='ocrx_word' id='word_1_198' title='bbox 1120 1589 1263 1632; x_wconf 83' lang='grc' dir='ltr'><em>εὖκτὸν</em></span> <span class='ocrx_word' id='word_1_199' title='bbox 1303 1591 1342 1633; x_wconf 87' lang='grc' dir='ltr'><strong>δ’</strong></span> <span class='ocrx_word' id='word_1_200' title='bbox 1383 1606 1433 1633; x_wconf 89' lang='grc' dir='ltr'><strong>αν</strong></span> <span class='ocrx_word' id='word_1_201' title='bbox 1469 1587 1521 1646; x_wconf 82' lang='grc' dir='ltr'><strong>ἦν</strong></span> <span class='ocrx_word' id='word_1_202' title='bbox 1560 1592 1599 1632; x_wconf 87' lang='grc' dir='ltr'><strong>ει</strong></span> <span class='ocrx_word' id='word_1_203' title='bbox 1627 1607 1699 1632; x_wconf 85' lang='grc' dir='ltr'><strong>και</strong></span> 
     </span>
     <span class='ocr_line' id='line_1_25' title="bbox 236 1655 1700 1713; baseline 0.001 -16"><span class='ocrx_word' id='word_1_204' title='bbox 236 1656 447 1713; x_wconf 80' lang='grc' dir='ltr'><em>βραχεῖαν</em></span> <span class='ocrx_word' id='word_1_205' title='bbox 483 1655 557 1711; x_wconf 83' lang='grc' dir='ltr'><strong>τὴν</strong></span> <span class='ocrx_word' id='word_1_206' title='bbox 607 1672 652 1699; x_wconf 91' lang='grc' dir='ltr'><em>εκ</em></span> <span class='ocrx_word' id='word_1_207' title='bbox 689 1657 764 1699; x_wconf 78' lang='grc' dir='ltr'><strong>τοῦ</strong></span> <span class='ocrx_word' id='word_1_208' title='bbox 797 1656 992 1713; x_wconf 75' lang='grc' dir='ltr'><em>χείρονος</em></span> <span class='ocrx_word' id='word_1_209' title='bbox 1043 1658 1223 1699; x_wconf 79' lang='grc' dir='ltr'><em>ἐποιεῖτο</em></span> <span class='ocrx_word' id='word_1_210' title='bbox 1278 1657 1501 1708; x_wconf 73' lang='grc' dir='ltr'><em>ἀνάδυσιν,</em></span> <span class='ocrx_word' id='word_1_211' title='bbox 1543 1655 1700 1700; x_wconf 81' lang='grc' dir='ltr'><em>ὅπόθεν</em></span> 
     </span>
     <span class='ocr_line' id='line_1_26' title="bbox 238 1721 1701 1781; baseline -0.001 -16"><span class='ocrx_word' id='word_1_212' title='bbox 238 1724 328 1766; x_wconf 80' lang='grc' dir='ltr'><em>ἐστι</em></span> <span class='ocrx_word' id='word_1_213' title='bbox 356 1723 429 1765; x_wconf 86' lang='grc' dir='ltr'>καί</span> <span class='ocrx_word' id='word_1_214' title='bbox 458 1721 615 1780; x_wconf 80' lang='grc' dir='ltr'><em>ὄτωοῦν</em></span> <span class='ocrx_word' id='word_1_215' title='bbox 643 1723 863 1780; x_wconf 77' lang='grc' dir='ltr'><em>ἀρχομένῳ</em></span> <span class='ocrx_word' id='word_1_216' title='bbox 892 1722 1011 1772; x_wconf 78' lang='grc' dir='ltr'><em>ἐλπὶς</em></span> <span class='ocrx_word' id='word_1_217' title='bbox 1042 1721 1125 1776; x_wconf 80' lang='grc' dir='ltr'><strong>ὀψὲ</strong></span> <span class='ocrx_word' id='word_1_218' title='bbox 1149 1724 1250 1779; x_wconf 79' lang='grc' dir='ltr'><em>γοῦν</em></span> <span class='ocrx_word' id='word_1_219' title='bbox 1277 1723 1320 1772; x_wconf 82' lang='grc' dir='ltr'><strong>ἐς</strong></span> <span class='ocrx_word' id='word_1_220' title='bbox 1345 1721 1417 1765; x_wconf 84' lang='grc' dir='ltr'><strong>τὸν</strong></span> <span class='ocrx_word' id='word_1_221' title='bbox 1441 1722 1599 1781; x_wconf 80' lang='grc' dir='ltr'><em>μεταξὺ</em></span> <span class='ocrx_word' id='word_1_222' title='bbox 1626 1723 1701 1765; x_wconf 76' lang='grc' dir='ltr'><strong>τοῦ</strong></span> 
     </span>
     <span class='ocr_line' id='line_1_27' title="bbox 234 1787 1698 1847; baseline 0 -17"><span class='ocrx_word' id='word_1_223' title='bbox 234 1789 429 1847; x_wconf 71' lang='grc' dir='ltr'><em>χείρονός</em></span> <span class='ocrx_word' id='word_1_224' title='bbox 456 1805 500 1832; x_wconf 88' lang='grc' dir='ltr'><em>τε</em></span> <span class='ocrx_word' id='word_1_225' title='bbox 530 1789 603 1832; x_wconf 88' lang='grc' dir='ltr'>καί</span> <span class='ocrx_word' id='word_1_226' title='bbox 628 1790 839 1844; x_wconf 76' lang='grc' dir='ltr'><em>βελτίονος</em></span> <span class='ocrx_word' id='word_1_227' title='bbox 864 1790 1009 1846; x_wconf 74' lang='grc' dir='ltr'><em>χαῖρον</em></span> <span class='ocrx_word' id='word_1_228' title='bbox 1038 1787 1145 1831; x_wconf 85' lang='grc' dir='ltr'><em>κατά</em></span> <span class='ocrx_word' id='word_1_229' title='bbox 1171 1787 1307 1845; x_wconf 78' lang='grc' dir='ltr'><em>μικρὰ</em></span> <span class='ocrx_word' id='word_1_230' title='bbox 1338 1790 1411 1832; x_wconf 88' lang='grc' dir='ltr'><strong>και</strong></span> <span class='ocrx_word' id='word_1_231' title='bbox 1439 1787 1577 1843; x_wconf 82' lang='grc' dir='ltr'><em>συχνὰ</em></span> <span class='ocrx_word' id='word_1_232' title='bbox 1604 1804 1698 1838; x_wconf 83' lang='grc' dir='ltr'><em>ποι-</em></span> 
     </span>
     <span class='ocr_line' id='line_1_28' title="bbox 240 1845 1700 1914; baseline -0.001 -15"><span class='ocrx_word' id='word_1_233' title='bbox 240 1857 402 1914; x_wconf 84' lang='grc' dir='ltr'><em>ουμένω</em></span> <span class='ocrx_word' id='word_1_234' title='bbox 431 1857 636 1913; x_wconf 84' lang='grc' dir='ltr'><em>κινήματα</em></span> <span class='ocrx_word' id='word_1_235' title='bbox 674 1855 748 1912; x_wconf 79' lang='grc' dir='ltr'><strong>τὴν</strong></span> <span class='ocrx_word' id='word_1_236' title='bbox 788 1853 1049 1913; x_wconf 79' lang='grc' dir='ltr'><em>ἓπιστροφην</em></span> <span class='ocrx_word' id='word_1_237' title='bbox 1088 1854 1336 1913; x_wconf 74' lang='grc' dir='ltr'><em>ἀφικέσθαι.</em></span> <span class='ocrx_word' id='word_1_238' title='bbox 1408 1871 1501 1899; x_wconf 83' lang='grc' dir='ltr'><em>ουτε</em></span> <span class='ocrx_word' id='word_1_239' title='bbox 1528 1854 1609 1913; x_wconf 81' lang='grc' dir='ltr'><strong>γὰρ</strong></span> <span class='ocrx_word' id='word_1_240' title='bbox 1638 1845 1700 1914; x_wconf 49' lang='lat' dir='ltr'><strong>‘tq-J</strong></span> 
     </span>
    </p>
   </div>
   <div class='ocr_carea' id='block_1_5' title="bbox 237 2020 1694 2259">
    <p class='ocr_par' dir='ltr' id='par_1_5' title="bbox 237 2020 1694 2259">
     <span class='ocr_line' id='line_1_29' title="bbox 237 2020 1693 2062; baseline -0.001 -1"><span class='ocrx_word' id='word_1_241' title='bbox 237 2027 403 2062; x_wconf 84' lang='lat' dir='ltr'><strong>haeresin</strong></span> <span class='ocrx_word' id='word_1_242' title='bbox 428 2025 624 2060; x_wconf 87' lang='lat' dir='ltr'><strong>iamdudum</strong></span> <span class='ocrx_word' id='word_1_243' title='bbox 641 2026 791 2060; x_wconf 77' lang='lat' dir='ltr'><strong>imitanti</strong></span> <span class='ocrx_word' id='word_1_244' title='bbox 806 2026 850 2060; x_wconf 91' lang='lat' dir='ltr'><strong>ad</strong></span> <span class='ocrx_word' id='word_1_245' title='bbox 872 2026 1103 2060; x_wconf 81' lang='lat' dir='ltr'><strong>offensionem</strong></span> <span class='ocrx_word' id='word_1_246' title='bbox 1119 2024 1184 2059; x_wconf 89' lang='lat' dir='ltr'><strong>ille</strong></span> <span class='ocrx_word' id='word_1_247' title='bbox 1202 2024 1342 2060; x_wconf 76' lang='lat' dir='ltr'><strong>occasio</strong></span> <span class='ocrx_word' id='word_1_248' title='bbox 1367 2020 1460 2059; x_wconf 79' lang='lat' dir='ltr'><strong>facta</strong></span> <span class='ocrx_word' id='word_1_249' title='bbox 1479 2029 1533 2059; x_wconf 90' lang='lat' dir='ltr'><strong>est</strong></span> <span class='ocrx_word' id='word_1_250' title='bbox 1557 2029 1592 2059; x_wconf 88' lang='lat' dir='ltr'><strong>et</strong></span> <span class='ocrx_word' id='word_1_251' title='bbox 1616 2029 1693 2059; x_wconf 83' lang='lat' dir='ltr'><strong>sta-</strong></span> 
     </span>
     <span class='ocr_line' id='line_1_30' title="bbox 238 2071 1694 2117; baseline -0.002 -8"><span class='ocrx_word' id='word_1_252' title='bbox 238 2075 299 2109; x_wconf 89' lang='lat' dir='ltr'><strong>tim</strong></span> <span class='ocrx_word' id='word_1_253' title='bbox 326 2073 542 2117; x_wconf 82' lang='lat' dir='ltr'><strong>caliginosos</strong></span> <span class='ocrx_word' id='word_1_254' title='bbox 569 2073 677 2107; x_wconf 82' lang='lat' dir='ltr'><strong>edidit</strong></span> <span class='ocrx_word' id='word_1_255' title='bbox 710 2073 820 2108; x_wconf 87' lang='lat' dir='ltr'><strong>libros</strong></span> <span class='ocrx_word' id='word_1_256' title='bbox 860 2073 903 2107; x_wconf 88' lang='lat' dir='ltr'><strong>de</strong></span> <span class='ocrx_word' id='word_1_257' title='bbox 931 2073 1012 2107; x_wconf 86' lang='lat' dir='ltr'><strong>luce</strong></span> <span class='ocrx_word' id='word_1_258' title='bbox 1037 2073 1239 2116; x_wconf 86' lang='lat' dir='ltr'><strong>inscriptos.</strong></span> <span class='ocrx_word' id='word_1_259' title='bbox 1297 2071 1505 2116; x_wconf 86' lang='lat' dir='ltr'><strong>permultam</strong></span> <span class='ocrx_word' id='word_1_260' title='bbox 1529 2072 1631 2106; x_wconf 87' lang='lat' dir='ltr'><strong>nobis</strong></span> <span class='ocrx_word' id='word_1_261' title='bbox 1658 2077 1694 2106; x_wconf 89' lang='lat' dir='ltr'><strong>et</strong></span> 
     </span>
     <span class='ocr_line' id='line_1_31' title="bbox 238 2118 1691 2165; baseline -0.002 -10"><span class='ocrx_word' id='word_1_262' title='bbox 238 2121 452 2156; x_wconf 85' lang='lat' dir='ltr'><strong>adversariis</strong></span> <span class='ocrx_word' id='word_1_263' title='bbox 485 2120 717 2165; x_wconf 78' lang='lat' dir='ltr'><strong>scriptoribus</strong></span> <span class='ocrx_word' id='word_1_264' title='bbox 750 2120 876 2154; x_wconf 87' lang='lat' dir='ltr'><strong>silvam</strong></span> <span class='ocrx_word' id='word_1_265' title='bbox 910 2120 1086 2154; x_wconf 76' lang='lat' dir='ltr'><strong>refutandi</strong></span> <span class='ocrx_word' id='word_1_266' title='bbox 1123 2119 1284 2164; x_wconf 85' lang='lat' dir='ltr'><strong>praebuit</strong></span> <span class='ocrx_word' id='word_1_267' title='bbox 1312 2125 1347 2153; x_wconf 90' lang='lat' dir='ltr'><strong>et</strong></span> <span class='ocrx_word' id='word_1_268' title='bbox 1379 2118 1452 2153; x_wconf 87' lang='lat' dir='ltr'><strong>illis</strong></span> <span class='ocrx_word' id='word_1_269' title='bbox 1476 2119 1691 2163; x_wconf 79' lang='lat' dir='ltr'><strong>temporibus</strong></span> 
     </span>
     <span class='ocr_line' id='line_1_32' title="bbox 241 2167 1692 2223; baseline -0.003 -20"><span class='ocrx_word' id='word_1_270' title='bbox 241 2174 276 2203; x_wconf 90' lang='lat' dir='ltr'><strong>et</strong></span> <span class='ocrx_word' id='word_1_271' title='bbox 298 2173 494 2211; x_wconf 85' lang='lat' dir='ltr'><strong>temporum</strong></span> <span class='ocrx_word' id='word_1_272' title='bbox 515 2167 689 2223; x_wconf 73' lang='lat' dir='ltr'><strong>deinceps</strong></span> <span class='ocrx_word' id='word_1_273' title='bbox 715 2167 930 2210; x_wconf 88' lang='lat' dir='ltr'><strong>intervallis,</strong></span> <span class='ocrx_word' id='word_1_274' title='bbox 956 2168 1005 2201; x_wconf 87' lang='lat' dir='ltr'><strong>ita</strong></span> <span class='ocrx_word' id='word_1_275' title='bbox 1033 2172 1071 2200; x_wconf 89' lang='lat' dir='ltr'><strong>ut</strong></span> <span class='ocrx_word' id='word_1_276' title='bbox 1097 2177 1187 2211; x_wconf 88' lang='lat' dir='ltr'><strong>quae</strong></span> <span class='ocrx_word' id='word_1_277' title='bbox 1213 2167 1303 2211; x_wconf 88' lang='lat' dir='ltr'><strong>apud</strong></span> <span class='ocrx_word' id='word_1_278' title='bbox 1328 2176 1393 2201; x_wconf 81' lang='lat' dir='ltr'><strong>vos</strong></span> <span class='ocrx_word' id='word_1_279' title='bbox 1418 2167 1559 2200; x_wconf 83' lang='lat' dir='ltr'><strong>narravi</strong></span> <span class='ocrx_word' id='word_1_280' title='bbox 1587 2172 1692 2201; x_wconf 84' lang='lat' dir='ltr'><strong>vete-</strong></span> 
     </span>
     <span class='ocr_line' id='line_1_33' title="bbox 237 2213 1284 2259; baseline -0.002 -10"><span class='ocrx_word' id='word_1_281' title='bbox 237 2216 286 2249; x_wconf 88' lang='lat' dir='ltr'><strong>ris</strong></span> <span class='ocrx_word' id='word_1_282' title='bbox 312 2214 411 2248; x_wconf 90' lang='lat' dir='ltr'><strong>illius</strong></span> <span class='ocrx_word' id='word_1_283' title='bbox 440 2214 631 2259; x_wconf 86' lang='lat' dir='ltr'><strong>impietatis</strong></span> <span class='ocrx_word' id='word_1_284' title='bbox 657 2215 761 2259; x_wconf 84' lang='lat' dir='ltr'><strong>pauci</strong></span> <span class='ocrx_word' id='word_1_285' title='bbox 786 2220 918 2249; x_wconf 90' lang='lat' dir='ltr'><strong>tantum</strong></span> <span class='ocrx_word' id='word_1_286' title='bbox 945 2214 1185 2248; x_wconf 87' lang='lat' dir='ltr'><strong>commentarii</strong></span> <span class='ocrx_word' id='word_1_287' title='bbox 1202 2213 1284 2248; x_wconf 86' lang='lat' dir='ltr'><strong>sint.</strong></span> 
     </span>
    </p>
   </div>
   <div class='ocr_carea' id='block_1_6' title="bbox 234 2271 1786 2789">
    <p class='ocr_par' dir='ltr' id='par_1_6' title="bbox 234 2271 1786 2789">
     <span class='ocr_line' id='line_1_34' title="bbox 370 2271 1693 2318; baseline -0.001 -13"><span class='ocrx_word' id='word_1_288' title='bbox 370 2271 439 2306; x_wconf 86' lang='lat' dir='ltr'><strong>Sed</strong></span> <span class='ocrx_word' id='word_1_289' title='bbox 463 2273 612 2317; x_wconf 81' lang='lat' dir='ltr'><strong>agedum</strong></span> <span class='ocrx_word' id='word_1_290' title='bbox 642 2273 788 2307; x_wconf 88' lang='lat' dir='ltr'><strong>evoluto</strong></span> <span class='ocrx_word' id='word_1_291' title='bbox 816 2273 1005 2318; x_wconf 85' lang='lat' dir='ltr'><strong>illegitimo</strong></span> <span class='ocrx_word' id='word_1_292' title='bbox 1024 2272 1218 2315; x_wconf 85' lang='lat' dir='ltr'><strong>volumine,</strong></span> <span class='ocrx_word' id='word_1_293' title='bbox 1242 2282 1354 2306; x_wconf 89' lang='lat' dir='ltr'><strong>novas</strong></span> <span class='ocrx_word' id='word_1_294' title='bbox 1371 2271 1474 2306; x_wconf 89' lang='lat' dir='ltr'><strong>nobis</strong></span> <span class='ocrx_word' id='word_1_295' title='bbox 1492 2272 1568 2306; x_wconf 90' lang='lat' dir='ltr'><strong>eius</strong></span> <span class='ocrx_word' id='word_1_296' title='bbox 1592 2271 1693 2306; x_wconf 82' lang='lat' dir='ltr'><strong>blas..</strong></span> 
     </span>
     <span class='ocr_line' id='line_1_35' title="bbox 236 2319 1692 2365; baseline -0.001 -13"><span class='ocrx_word' id='word_1_297' title='bbox 236 2319 394 2363; x_wconf 86' lang='lat' dir='ltr'><strong>phemias</strong></span> <span class='ocrx_word' id='word_1_298' title='bbox 419 2319 544 2364; x_wconf 85' lang='lat' dir='ltr'><strong>legite,</strong></span> <span class='ocrx_word' id='word_1_299' title='bbox 571 2325 717 2364; x_wconf 88' lang='lat' dir='ltr'><strong>quantas</strong></span> <span class='ocrx_word' id='word_1_300' title='bbox 744 2320 938 2365; x_wconf 75' lang='lat' dir='ltr'><strong>qualesque</strong></span> <span class='ocrx_word' id='word_1_301' title='bbox 965 2320 1033 2354; x_wconf 87' lang='lat' dir='ltr'><strong>hoc</strong></span> <span class='ocrx_word' id='word_1_302' title='bbox 1060 2329 1200 2364; x_wconf 90' lang='lat' dir='ltr'><strong>quoque</strong></span> <span class='ocrx_word' id='word_1_303' title='bbox 1234 2319 1324 2353; x_wconf 88' lang='lat' dir='ltr'><strong>libro</strong></span> <span class='ocrx_word' id='word_1_304' title='bbox 1350 2319 1393 2352; x_wconf 89' lang='lat' dir='ltr'><strong>de</strong></span> <span class='ocrx_word' id='word_1_305' title='bbox 1418 2319 1548 2353; x_wconf 89' lang='lat' dir='ltr'><strong>domini</strong></span> <span class='ocrx_word' id='word_1_306' title='bbox 1573 2324 1692 2354; x_wconf 89' lang='lat' dir='ltr'><strong>trans..</strong></span> 
     </span>
     <span class='ocr_line' id='line_1_36' title="bbox 236 2365 1690 2412; baseline -0.001 -12"><span class='ocrx_word' id='word_1_307' title='bbox 236 2367 448 2411; x_wconf 85' lang='lat' dir='ltr'><strong>figuratione</strong></span> <span class='ocrx_word' id='word_1_308' title='bbox 472 2367 674 2410; x_wconf 87' lang='lat' dir='ltr'><strong>protulerit,</strong></span> <span class='ocrx_word' id='word_1_309' title='bbox 699 2368 747 2400; x_wconf 87' lang='lat' dir='ltr'><strong>ita</strong></span> <span class='ocrx_word' id='word_1_310' title='bbox 774 2373 813 2401; x_wconf 89' lang='lat' dir='ltr'><strong>ut</strong></span> <span class='ocrx_word' id='word_1_311' title='bbox 834 2373 1019 2412; x_wconf 89' lang='lat' dir='ltr'><strong>utrumque</strong></span> <span class='ocrx_word' id='word_1_312' title='bbox 1036 2366 1123 2400; x_wconf 90' lang='lat' dir='ltr'><strong>illud</strong></span> <span class='ocrx_word' id='word_1_313' title='bbox 1141 2365 1401 2411; x_wconf 83' lang='lat' dir='ltr'><strong>intelligentius</strong></span> <span class='ocrx_word' id='word_1_314' title='bbox 1423 2375 1690 2410; x_wconf 79' lang='lat' dir='ltr'><strong>cognoscamus:</strong></span> 
     </span>
     <span class='ocr_line' id='line_1_37' title="bbox 238 2413 1692 2458; baseline 0 -12"><span class='ocrx_word' id='word_1_315' title='bbox 238 2419 273 2447; x_wconf 88' lang='lat' dir='ltr'><strong>et</strong></span> <span class='ocrx_word' id='word_1_316' title='bbox 297 2424 399 2457; x_wconf 92' lang='lat' dir='ltr'><strong>quam</strong></span> <span class='ocrx_word' id='word_1_317' title='bbox 420 2413 630 2458; x_wconf 85' lang='lat' dir='ltr'><strong>qualemque</strong></span> <span class='ocrx_word' id='word_1_318' title='bbox 657 2420 754 2448; x_wconf 85' lang='lat' dir='ltr'><strong>aetas</strong></span> <span class='ocrx_word' id='word_1_319' title='bbox 773 2425 863 2458; x_wconf 88' lang='lat' dir='ltr'><strong>quae</strong></span> <span class='ocrx_word' id='word_1_320' title='bbox 888 2424 1009 2448; x_wconf 88' lang='lat' dir='ltr'><strong>omues</strong></span> <span class='ocrx_word' id='word_1_321' title='bbox 1031 2424 1088 2448; x_wconf 85' lang='lat' dir='ltr'><strong>res</strong></span> <span class='ocrx_word' id='word_1_322' title='bbox 1106 2414 1262 2447; x_wconf 82' lang='lat' dir='ltr'><strong>dimovet</strong></span> <span class='ocrx_word' id='word_1_323' title='bbox 1285 2418 1320 2447; x_wconf 82' lang='lat' dir='ltr'><strong>et</strong></span> <span class='ocrx_word' id='word_1_324' title='bbox 1343 2418 1517 2457; x_wconf 88' lang='lat' dir='ltr'><strong>permutat</strong></span> <span class='ocrx_word' id='word_1_325' title='bbox 1533 2413 1692 2446; x_wconf 79' lang='lat' dir='ltr'><strong>effecerit</strong></span> 
     </span>
     <span class='ocr_line' id='line_1_38' title="bbox 237 2460 1689 2505; baseline 0 -12"><span class='ocrx_word' id='word_1_326' title='bbox 237 2461 469 2494; x_wconf 81' lang='lat' dir='ltr'><strong>variationem</strong></span> <span class='ocrx_word' id='word_1_327' title='bbox 497 2466 532 2494; x_wconf 89' lang='lat' dir='ltr'><strong>et</strong></span> <span class='ocrx_word' id='word_1_328' title='bbox 555 2462 626 2494; x_wconf 90' lang='lat' dir='ltr'><strong>utri</strong></span> <span class='ocrx_word' id='word_1_329' title='bbox 654 2462 744 2505; x_wconf 88' lang='lat' dir='ltr'><strong>parti</strong></span> <span class='ocrx_word' id='word_1_330' title='bbox 783 2461 846 2495; x_wconf 87' lang='lat' dir='ltr'><strong>illa</strong></span> <span class='ocrx_word' id='word_1_331' title='bbox 880 2472 958 2494; x_wconf 88' lang='lat' dir='ltr'><strong>eum</strong></span> <span class='ocrx_word' id='word_1_332' title='bbox 997 2461 1179 2495; x_wconf 86' lang='lat' dir='ltr'><strong>adiecerit.</strong></span> <span class='ocrx_word' id='word_1_333' title='bbox 1237 2470 1314 2494; x_wconf 85' lang='lat' dir='ltr'><strong>nam</strong></span> <span class='ocrx_word' id='word_1_334' title='bbox 1342 2471 1386 2494; x_wconf 87' lang='lat' dir='ltr'><strong>ex</strong></span> <span class='ocrx_word' id='word_1_335' title='bbox 1410 2460 1545 2494; x_wconf 91' lang='lat' dir='ltr'><strong>duobus</strong></span> <span class='ocrx_word' id='word_1_336' title='bbox 1570 2460 1630 2504; x_wconf 90' lang='lat' dir='ltr'><strong>qui</strong></span> <span class='ocrx_word' id='word_1_337' title='bbox 1653 2460 1689 2493; x_wconf 89' lang='lat' dir='ltr'><strong>in</strong></span> 
     </span>
     <span class='ocr_line' id='line_1_39' title="bbox 236 2507 1689 2553; baseline -0.001 -13"><span class='ocrx_word' id='word_1_338' title='bbox 236 2507 379 2551; x_wconf 86' lang='lat' dir='ltr'><strong>publica</strong></span> <span class='ocrx_word' id='word_1_339' title='bbox 407 2508 480 2541; x_wconf 86' lang='lat' dir='ltr'><strong>vita</strong></span> <span class='ocrx_word' id='word_1_340' title='bbox 509 2513 659 2553; x_wconf 83' lang='lat' dir='ltr'><strong>regnant</strong></span> <span class='ocrx_word' id='word_1_341' title='bbox 691 2508 839 2543; x_wconf 87' lang='lat' dir='ltr'><strong>statibus</strong></span> <span class='ocrx_word' id='word_1_342' title='bbox 878 2509 1046 2543; x_wconf 87' lang='lat' dir='ltr'><strong>deteriori</strong></span> <span class='ocrx_word' id='word_1_343' title='bbox 1080 2507 1165 2541; x_wconf 88' lang='lat' dir='ltr'><strong>olim</strong></span> <span class='ocrx_word' id='word_1_344' title='bbox 1190 2512 1317 2551; x_wconf 82' lang='lat' dir='ltr'><strong>sponte</strong></span> <span class='ocrx_word' id='word_1_345' title='bbox 1348 2517 1387 2541; x_wconf 85' lang='lat' dir='ltr'><strong>se</strong></span> <span class='ocrx_word' id='word_1_346' title='bbox 1411 2507 1557 2541; x_wconf 78' lang='lat' dir='ltr'><strong>dederat</strong></span> <span class='ocrx_word' id='word_1_347' title='bbox 1582 2507 1689 2540; x_wconf 88' lang='lat' dir='ltr'><strong>mini-</strong></span> 
     </span>
     <span class='ocr_line' id='line_1_40' title="bbox 234 2553 1689 2600; baseline 0 -13"><span class='ocrx_word' id='word_1_348' title='bbox 234 2559 357 2596; x_wconf 85' lang='lat' dir='ltr'><strong>strum,</strong></span> <span class='ocrx_word' id='word_1_349' title='bbox 383 2553 542 2589; x_wconf 87' lang='lat' dir='ltr'><strong>melioris</strong></span> <span class='ocrx_word' id='word_1_350' title='bbox 567 2556 784 2600; x_wconf 82' lang='lat' dir='ltr'><strong>transfugam</strong></span> <span class='ocrx_word' id='word_1_351' title='bbox 809 2555 973 2590; x_wconf 82' lang='lat' dir='ltr'><strong>lubenter</strong></span> <span class='ocrx_word' id='word_1_352' title='bbox 998 2566 1036 2590; x_wconf 90' lang='lat' dir='ltr'><strong>se</strong></span> <span class='ocrx_word' id='word_1_353' title='bbox 1060 2554 1233 2600; x_wconf 85' lang='lat' dir='ltr'><strong>praebuit.</strong></span> <span class='ocrx_word' id='word_1_354' title='bbox 1276 2554 1339 2588; x_wconf 85' lang='lat' dir='ltr'><strong>sed</strong></span> <span class='ocrx_word' id='word_1_355' title='bbox 1367 2553 1479 2588; x_wconf 83' lang='lat' dir='ltr'><strong>oblita</strong></span> <span class='ocrx_word' id='word_1_356' title='bbox 1502 2563 1583 2588; x_wconf 82' lang='lat' dir='ltr'><strong>sese</strong></span> <span class='ocrx_word' id='word_1_357' title='bbox 1610 2563 1689 2587; x_wconf 86' lang='lat' dir='ltr'><strong>esse</strong></span> 
     </span>
     <span class='ocr_line' id='line_1_41' title="bbox 235 2599 1688 2647; baseline -0.001 -13"><span class='ocrx_word' id='word_1_358' title='bbox 235 2601 377 2635; x_wconf 86' lang='lat' dir='ltr'><strong>videtur</strong></span> <span class='ocrx_word' id='word_1_359' title='bbox 412 2607 508 2636; x_wconf 85' lang='lat' dir='ltr'><strong>aetas</strong></span> <span class='ocrx_word' id='word_1_360' title='bbox 548 2613 652 2647; x_wconf 91' lang='lat' dir='ltr'><strong>quum</strong></span> <span class='ocrx_word' id='word_1_361' title='bbox 690 2604 794 2638; x_wconf 89' lang='lat' dir='ltr'><strong>citius</strong></span> <span class='ocrx_word' id='word_1_362' title='bbox 830 2613 926 2637; x_wconf 89' lang='lat' dir='ltr'><strong>suam</strong></span> <span class='ocrx_word' id='word_1_363' title='bbox 952 2602 1168 2647; x_wconf 83' lang='lat' dir='ltr'><strong>perverterit</strong></span> <span class='ocrx_word' id='word_1_364' title='bbox 1188 2606 1367 2643; x_wconf 87' lang='lat' dir='ltr'><strong>naturam,</strong></span> <span class='ocrx_word' id='word_1_365' title='bbox 1400 2611 1501 2646; x_wconf 90' lang='lat' dir='ltr'><strong>quam</strong></span> <span class='ocrx_word' id='word_1_366' title='bbox 1526 2599 1688 2634; x_wconf 82' lang='lat' dir='ltr'><strong>Palamae</strong></span> 
     </span>
     <span class='ocr_line' id='line_1_42' title="bbox 235 2646 1767 2694; baseline 0 -14"><span class='ocrx_word' id='word_1_367' title='bbox 235 2648 463 2691; x_wconf 87' lang='lat' dir='ltr'><strong>impietatem.</strong></span> <span class='ocrx_word' id='word_1_368' title='bbox 515 2650 642 2682; x_wconf 88' lang='lat' dir='ltr'><strong>etenim</strong></span> <span class='ocrx_word' id='word_1_369' title='bbox 671 2650 798 2694; x_wconf 89' lang='lat' dir='ltr'><strong>cuique</strong></span> <span class='ocrx_word' id='word_1_370' title='bbox 823 2649 933 2684; x_wconf 84' lang='lat' dir='ltr'><strong>semel</strong></span> <span class='ocrx_word' id='word_1_371' title='bbox 961 2651 996 2683; x_wconf 88' lang='lat' dir='ltr'><strong>in</strong></span> <span class='ocrx_word' id='word_1_372' title='bbox 1023 2649 1212 2693; x_wconf 84' lang='lat' dir='ltr'><strong>impietatis</strong></span> <span class='ocrx_word' id='word_1_373' title='bbox 1248 2647 1467 2682; x_wconf 85' lang='lat' dir='ltr'><strong>altitudinem</strong></span> <span class='ocrx_word' id='word_1_374' title='bbox 1491 2646 1591 2691; x_wconf 84' lang='lat' dir='ltr'><strong>lapso</strong></span> <span class='ocrx_word' id='word_1_375' title='bbox 1617 2646 1688 2681; x_wconf 80' lang='lat' dir='ltr'><strong>dif-</strong></span> <span class='ocrx_word' id='word_1_376' title='bbox 1764 2686 1767 2687; x_wconf 19' lang='lat'><em>⁷</em></span> 
     </span>
     <span class='ocr_line' id='line_1_43' title="bbox 235 2693 1786 2750; baseline 0 -23"><span class='ocrx_word' id='word_1_377' title='bbox 235 2694 331 2728; x_wconf 83' lang='lat' dir='ltr'><strong>ficile</strong></span> <span class='ocrx_word' id='word_1_378' title='bbox 358 2700 412 2728; x_wconf 85' lang='lat' dir='ltr'><strong>est</strong></span> <span class='ocrx_word' id='word_1_379' title='bbox 429 2705 614 2730; x_wconf 85' lang='lat' dir='ltr'><strong>recurrere</strong></span> <span class='ocrx_word' id='word_1_380' title='bbox 641 2697 681 2730; x_wconf 91' lang='lat' dir='ltr'><strong>ad</strong></span> <span class='ocrx_word' id='word_1_381' title='bbox 696 2698 878 2731; x_wconf 82' lang='lat' dir='ltr'><strong>meliorem</strong></span> <span class='ocrx_word' id='word_1_382' title='bbox 904 2702 1042 2730; x_wconf 89' lang='lat' dir='ltr'><strong>statum.</strong></span> <span class='ocrx_word' id='word_1_383' title='bbox 1070 2695 1257 2750; x_wconf 80' lang='lat' dir='ltr'><strong>optandum</strong></span> <span class='ocrx_word' id='word_1_384' title='bbox 1284 2700 1358 2729; x_wconf 87' lang='lat' dir='ltr'><strong>erat</strong></span> <span class='ocrx_word' id='word_1_385' title='bbox 1381 2695 1412 2730; x_wconf 89' lang='lat' dir='ltr'><strong>si</strong></span> <span class='ocrx_word' id='word_1_386' title='bbox 1438 2693 1497 2728; x_wconf 86' lang='lat' dir='ltr'><strong>vel</strong></span> <span class='ocrx_word' id='word_1_387' title='bbox 1512 2694 1554 2727; x_wconf 87' lang='lat' dir='ltr'><strong>ad</strong></span> <span class='ocrx_word' id='word_1_388' title='bbox 1577 2694 1688 2728; x_wconf 85' lang='lat' dir='ltr'><strong>breve</strong></span> <span class='ocrx_word' id='word_1_389' title='bbox 1742 2700 1786 2720; x_wconf 43' lang='lat' dir='ltr'><strong>»w</strong></span> 
     </span>
     <span class='ocr_line' id='line_1_44' title="bbox 236 2741 1685 2789; baseline 0 -15"><span class='ocrx_word' id='word_1_390' title='bbox 236 2746 371 2785; x_wconf 86' lang='lat' dir='ltr'><strong>tempus</strong></span> <span class='ocrx_word' id='word_1_391' title='bbox 396 2752 439 2775; x_wconf 88' lang='lat' dir='ltr'><strong>ex</strong></span> <span class='ocrx_word' id='word_1_392' title='bbox 467 2744 591 2787; x_wconf 82' lang='lat' dir='ltr'><strong>peiore</strong></span> <span class='ocrx_word' id='word_1_393' title='bbox 616 2745 852 2779; x_wconf 85' lang='lat' dir='ltr'><strong>resurrexerit</strong></span> <span class='ocrx_word' id='word_1_394' title='bbox 870 2743 1125 2789; x_wconf 88' lang='lat' dir='ltr'><strong>qualiscunque</strong></span> <span class='ocrx_word' id='word_1_395' title='bbox 1142 2742 1185 2776; x_wconf 85' lang='lat' dir='ltr'><strong>ab</strong></span> <span class='ocrx_word' id='word_1_396' title='bbox 1206 2743 1308 2776; x_wconf 87' lang='lat' dir='ltr'><strong>initio</strong></span> <span class='ocrx_word' id='word_1_397' title='bbox 1333 2752 1415 2786; x_wconf 81' lang='lat' dir='ltr'><strong>spes</strong></span> <span class='ocrx_word' id='word_1_398' title='bbox 1436 2746 1524 2784; x_wconf 89' lang='lat' dir='ltr'><strong>erat,</strong></span> <span class='ocrx_word' id='word_1_399' title='bbox 1549 2741 1685 2775; x_wconf 84' lang='lat' dir='ltr'><strong>tandem</strong></span> 
     </span>
    </p>
   </div>
  </div>
 </body>
</html>
