1826 3120
277 166 370 216 156
670 152 966 223 Nicsspnom
1010 174 1315 222 GREGORAE

274 286 356 344 δρᾷ
394 286 468 328 τοῦ
500 282 661 339 πατρὸς
699 287 1014 339 συγχωροῦντος
1044 280 1204 326 ἅπασι·
1236 286 1292 344 τῷ
1320 284 1401 340 γὰρ
1435 283 1503 329 αἐἰ
1527 286 1736 341 βλέποντα

273 350 332 407 μὴ
373 350 550 393 κωλύειν
594 368 663 393 και
710 348 766 400 ὥς
810 349 941 400 αὐτὸς
971 348 1223 430 αὐτόχρημα
1253 353 1365 405 δρῶν
1393 351 1638 406 ἁλίσκεται,
1665 351 1740 396 καὶ

275 416 349 461 τὸν
379 416 482 470 ἐμόν
526 420 567 467 ἐς
599 420 812 473 προῦπτον
858 416 879 459 ὅ
908 418 1045 468 κοινὸς
1073 419 1213 473 πατὴρ
1257 414 1366 461 εἶναι
1395 419 1628 498 ὀμωμοκώς
1659 423 1737 477 δη-

273 491 475 540 μιουργεῖ
499 482 695 527 θάνατον.
766 488 833 541 ἐφ’
875 502 901 526 α
933 484 1013 539 γὰρ
1060 486 1132 527 τὸν
1171 487 1306 528 παῖδα
1348 484 1534 542 σχήματι
1575 492 1738 544 σιωπῆς

276 557 502 607 συγχωρεῖ,
534 553 607 606 τὴν
633 552 702 594 διὰ
734 551 918 608 γλώττης
947 552 1190 607 προτροπὴν
1221 556 1271 610 τῇ
1300 552 1370 595 διὰ
1400 554 1483 596 τῶν
1511 551 1644 610 ἔργων
1671 568 1773 604 tre-5

275 620 460 673 νίκηκεν,
503 620 645 676 ἐκείνῳ
683 621 762 672 μὲν
802 618 1051 674 η’πατηκαίς,
1081 619 1216 677 τούτῳ
1255 620 1294 661 ‹5'
1322 618 1535 663 ἐπιπεσών
1565 619 1636 662 διὰ
1666 618 1740 677 τὴν

277 687 322 728 ἐκ
354 688 428 728 τοῦ
461 689 684 740 λεληθέναι
714 686 966 742 εὐστοχίαν,
999 688 1173 744 κάκείνῳ
1213 687 1293 739 μὲν
1333 684 1379 728 τό
1416 688 1488 742 τῆς
1514 686 1738 743 ’ἀνθρωπί-

278 769 349 807 νης
377 749 658 806 ἐπιτιμήσεως
696 749 866 809 φεύγων
898 754 1137 809 προφανές,
1178 753 1316 812 ’τούτῳ
1358 754 1403 795 δ’,
1426 754 1630 809 ε’γκαίρως
1660 756 1738 808 τὴν

276 822 353 862 τοῦ
382 819 596 873 δράματος
625 815 931 863 ἀνακαλύπτων
963 821 1116 877 σκηνὴν
1143 822 1217 863 καί
1245 820 1322 876 τὴν
1350 819 1481 863 πάλαι
1503 823 1741 876 κρυπτομέ-

276 901 350 941 νην
379 887 541 940 βουλὴν
577 888 659 936 σ’ψὲ
698 888 957 941 προδεικνύς.
1030 889 1124 930 ε’πεί
1156 887 1234 943 γὰρ
1266 887 1399 931 πολλοὶ
1444 889 1526 931 ταῖν
1558 891 1634 943 τῆς
1661 906 1739 931 κα-
1754 901 1798 938 10

276 955 367 1002 νίας
398 948 521 994 εἰδῶν
547 957 749 1007 λεχθέντα
777 957 876 1007 μέν,
906 957 1099 1004 ἐπιεικῶς
1129 957 1165 998 δ’
1195 950 1329 998 ἄτοπα
1351 953 1529 1008 δόξαντα
1554 955 1629 1011 τὴν
1653 953 1740 998 θύ-

277 1035 356 1073 ραν
388 1020 595 1074 ᾰνασοβεῖ
617 1022 689 1076 τῆς
720 1025 949 1076 γενέσεως,
995 1022 1222 1078 πράττεται
1252 1022 1388 1081 ῥᾷστα
1417 1022 1565 1065 λοιπὸν
1599 1026 1740 1082 σιωπῇ

277 1087 351 1128 καί
392 1088 490 1140 πρίν
535 1091 738 1142 λεχθῆναι
784 1091 841 1145 τῷ
889 1091 1040 1144 δρῶντι
1081 1091 1151 1132 καί
1187 1093 1286 1144 πρίν
1329 1087 1625 1146 ἐνθυμηθῆναι
1668 1089 1740 1133 τὸν
1808 1147 1809 1150 ¹

277 1154 517 1209 πάσχοντα,
563 1157 636 1198 καί
673 1154 828 1212 φθάνει
878 1157 952 1212 τὴν
990 1161 1142 1212 γνῶσιν
1182 1158 1206 1213 ἦ
1251 1163 1377 1213 πεῖρα
1421 1159 1516 1199 λίαν
1545 1156 1760 1207 ὠκύπους
1803 1151 1806 1153 ’

279 1226 460 1276 φανεῖσα
509 1223 608 1264 καθ’
650 1217 700 1264 οὗ
747 1226 951 1266 τολιιᾶται
997 1223 1048 1266 τὰ
1094 1227 1305 1278 χείριστα.
1365 1221 1440 1265 καί
1490 1223 1740 1266 διδάσκαλον
1755 1238 1797 1274 15

90 1290 118 1327 f.
145 1290 263 1329 1331).
277 1286 375 1341 ἔσχε
419 1288 490 1329 τὸν
531 1286 694 1334 ἅπαντα
731 1290 882 1345 χρόνον
925 1293 957 1317 ¹‘
1000 1288 1024 1345 ἧ
1067 1308 1146 1333 των
1174 1290 1431 1374 πραγμάτων
1475 1288 1631 1346 φύσις,
1671 1289 1743 1332 ε’πι

277 1357 442 1397 πολλῶν
481 1372 563 1398 των
603 1353 758 1409 ὁμοίων
801 1361 1046 1415 περιφανῶς
1085 1358 1157 1414 τὴν
1189 1357 1403 1414 α’ναίρεσιν
1433 1356 1738 1413 α’ναγρᾰφοντα

270 1425 492 1498 ’βλέπουσα
532 1423 605 1465 καί
645 1423 937 1479 φυλάττεσθαι
986 1428 1090 1468 πᾶσι
1141 1427 1282 1467 πᾶσαν
1324 1419 1520 1479 ἁντικρυς
1558 1423 1740 1480 α’φιὲντα

186 1498 260 1532 86
275 1489 437 1546 φωνήν,
467 1491 540 1531 καί
567 1492 674 1539 νέοις
714 1492 778 1532 ἐπ’
814 1490 906 1546 ἴσης
941 1509 1010 1533 και
1040 1495 1361 1546 πρεσβυτέροις.
1426 1490 1634 1544 α’κούομεν
1664 1485 1740 1532 ουν

273 1561 346 1599 καί
374 1557 567 1610 πατέρων
595 1556 736 1606 ένίους
767 1557 1025 1614 α’νδροφὸνον
1063 1558 1313 1607 ὅπλίσαντας
1343 1555 1485 1608 δεξιὰν
1516 1554 1621 1598 κατά
1655 1558 1798 1607 τῶνρο

273 1623 414 1677 υἱέων,
446 1626 518 1665 καί
545 1624 713 1673 πλειόυς
753 1623 813 1671 ἔτι
855 1629 940 1667 τῶν
970 1627 1166 1682 α’ὃελφῶν
1211 1625 1256 1668 τὸ
1288 1629 1408 1682 ξίφος
1437 1625 1531 1666 καθ’
1560 1624 1738 1677 αἳματος

272 1693 562 1745 βαπτίσαντας
593 1689 842 1747 συγγενοῦς·
915 1696 988 1735 καί
1017 1696 1122 1734 κατὰ
1172 1693 1330 1744 λαιμοῦ
1361 1693 1519 1745 πικρῶς
1544 1692 1739 1746 ὀρχησα-

272 1760 426 1812 μένους
461 1759 693 1816 ὄμοφυοῦς,
725 1759 796 1801 καί
822 1760 997 1814 μάλισθ’
1040 1755 1110 1801 ὅτε
1138 1759 1237 1816 περὶ
1258 1760 1478 1815 βασιλείας
1504 1757 1569 1815 εἴη
1598 1757 1738 1813 τάγώ-

272 1972 407 2007 bendus
435 1977 500 2006 est.
550 1971 614 2006 ille
642 1972 750 2017 igitur
775 1973 835 2018 qui
855 1973 1082 2008 iureiurando
1111 1974 1300 2009 affirmavit
1324 1984 1365 2009 se
1388 1973 1474 2008 mihi
1499 1983 1643 2030 quoque
1667 1985 1734 2019 pa..

273 2025 361 2054 trem
387 2030 467 2053 esse
492 2019 614 2061 velle,
654 2021 749 2054 uitae
782 2032 882 2054 meae
915 2021 1059 2055 insidias
1097 2022 1221 2056 tendit.
1279 2022 1459 2056 licentiam
1499 2023 1592 2056 enim
1632 2033 1733 2068 quam

272 2068 386 2111 primo
411 2068 519 2101 tacite
546 2067 619 2101 filio
647 2068 822 2109 coneedit,
853 2068 960 2112 paulo
987 2074 1066 2123 post
1092 2079 1201 2113 opera
1232 2069 1387 2104 adiuvat.
1452 2069 1555 2103 modo
1581 2080 1650 2115 quo
1678 2081 1734 2103 me

275 2114 376 2148 fallat
399 2113 517 2147 dolum
557 2116 732 2156 intendit,
763 2116 865 2150 modo
901 2116 960 2149 ubi
987 2116 1022 2148 in
1050 2115 1192 2149 occulto
1228 2116 1304 2150 fieri
1331 2122 1448 2160 potest
1475 2116 1654 2151 hostiliter
1677 2127 1734 2150 me

274 2162 435 2203 invadit,
462 2161 564 2195 modo
600 2173 647 2196 ne
673 2163 749 2206 ipse
781 2162 817 2195 in
855 2162 1033 2196 hominum
1076 2164 1244 2197 invidiam
1269 2164 1402 2198 incidat
1427 2164 1603 2209 quiescit,
1629 2164 1732 2198 modo

275 2209 353 2243 data
378 2210 568 2242 occasione
602 2210 639 2242 in
674 2219 814 2243 scenam
840 2210 932 2243 redit
978 2216 1013 2244 et
1051 2221 1142 2255 quae
1167 2211 1225 2244 diu
1259 2213 1356 2245 coxit
1380 2210 1531 2245 consilia
1555 2211 1732 2256 proponit.

274 2255 384 2290 multa
411 2256 568 2289 facinora
594 2266 684 2301 quae
709 2257 811 2290 nobis
846 2263 968 2300 aperta
992 2258 1078 2291 fiunt
1104 2263 1219 2291 tamen
1245 2269 1352 2314 quum
1379 2258 1522 2292 insoiita
1548 2259 1734 2293 videantur

276 2303 408 2337 fontem
438 2314 457 2336 e
497 2314 565 2347 quo
593 2303 824 2347 profluxerint
859 2304 961 2338 nobis
987 2315 1058 2338 non
1084 2305 1298 2360 ostendunt3
1330 2307 1367 2339 in
1394 2305 1534 2340 occulto
1562 2305 1734 2339 facillime

274 2356 550 2395 promoventur,
586 2352 634 2385 ita
660 2351 801 2395 quidem
829 2357 866 2385 ut
902 2362 947 2385 ne
973 2354 1049 2396 ipse
1075 2353 1214 2396 quidem
1241 2353 1300 2397 qui
1336 2358 1518 2396 perpetret
1546 2353 1734 2398 quidquam

275 2398 416 2442 planum
444 2398 573 2431 habeat
609 2408 726 2443 neque
762 2399 822 2443 qui
860 2399 952 2433 malo
991 2399 1176 2432 afficiatur.
1236 2399 1329 2433 unde
1355 2400 1415 2442 fit,
1450 2405 1489 2433 ut
1513 2400 1543 2433 is
1568 2400 1605 2433 in
1630 2410 1733 2444 quem

275 2445 435 2478 facinora
461 2451 674 2479 exercentur
700 2446 903 2491 priusquam
929 2447 1027 2480 unde·
1047 2448 1187 2481 venerit
1209 2447 1248 2480 iu
1274 2452 1428 2480 ceter-em
1453 2447 1648 2491 perniciem
1672 2448 1732 2480 in-

275 2493 380 2526 dicat.
444 2493 543 2525 cuius
577 2493 629 2526 rei
664 2494 826 2537 exempla
859 2495 1030 2538 cuiusque
1066 2494 1192 2527 aetatis
1229 2494 1451 2538 experientia
1475 2494 1601 2536 docet,
1642 2504 1733 2538 quae

273 2539 462 2573 multorum
491 2540 551 2584 qui
589 2541 624 2573 in
658 2541 778 2574 eadem
805 2541 869 2574 hac
908 2552 983 2574 mea
1011 2541 1214 2574 conditione
1235 2541 1367 2575 versati
1395 2546 1476 2575 sunt
1502 2541 1645 2575 eaedem
1670 2551 1733 2574 re..

276 2588 345 2621 fert
378 2586 554 2631 simulque
595 2588 842 2622 adolescentes
878 2598 1053 2633 senesque
1086 2588 1289 2622 adhortatur
1330 2593 1367 2621 ut
1408 2586 1475 2622 sibi
1501 2588 1731 2632 prospiciant.

275 2634 434 2668 audimus
462 2635 552 2667 enim
582 2640 699 2678 patres
720 2636 886 2679 quosdam
917 2641 1095 2669 cruentam
1123 2646 1260 2669 manum
1285 2635 1450 2669 intulisse
1477 2635 1561 2669 filiis
1588 2640 1623 2668 et
1649 2635 1732 2680 plu-

275 2691 333 2715 res
368 2680 493 2714 fratres
534 2681 663 2715 ferrum
697 2684 1041 2738 consanguineorum
1074 2684 1247 2728 sanguine
1283 2682 1458 2726 polluisse
1493 2687 1529 2716 et
1562 2691 1639 2716 cum
1663 2692 1732 2716 ne..

277 2728 380 2762 fauda
404 2727 538 2761 malitia
565 2739 684 2763 eorum
708 2731 867 2775 iugulum
893 2731 1053 2775 petiisse.
1104 2731 1196 2775 quod
1230 2734 1302 2763 tum
1343 2730 1403 2764 vel
1429 2731 1579 2764 maxime
1604 2728 1731 2763 factum

278 2784 357 2811 esse
381 2775 531 2820 scimus,
559 2786 664 2822 quum
696 2777 741 2815 de
773 2787 890 2812 rerum
923 2777 1167 2823 gubernaculo
1199 2782 1369 2812 certatum
1411 2782 1475 2813 est.
1527 2786 1636 2823 quare
1658 2775 1731 2811 tale
