1826 3120
366 117 665 199 msa-olum
702 111 1050 196 mmmmm
1073 151 1216 203 xxvi.
1248 137 1366 194 12.
1538 142 1603 194 69

64 251 65 254 Ἴ
126 263 288 323 γλώττῃ
320 264 403 306 τῶν
436 260 664 317 ἀνέλεγκτα
694 260 938 315 ψεύδεσθαι
965 259 1065 313 περὶ
1093 261 1174 302 τῶν
1203 260 1296 302 έκεῖ
1317 260 1601 312 βουλομένων,

66 347 79 355 “
126 328 213 374 οὔτ’
244 329 404 380 ἰδόντες
433 325 518 372 οὔτ’
548 328 808 378 α’κούσαντες
838 330 922 371 τῶν
941 329 1151 370 ἐνταυθοῖ
1175 328 1325 382 μηδέν,
1355 324 1600 382 παρελθόν-

59 395 65 401 ”
126 392 194 451 τὶς
224 393 299 442 οὖν
329 398 488 442 εἰδέναι
531 398 772 440 διετείνοντο
810 398 974 450 βέλτιον
1007 395 1125 450 ἡμῶν
1160 396 1259 450 περὶ
1298 396 1380 437 τῶν
1409 395 1601 436 ἐνταῦθα

129 470 203 510 καί
230 462 563 521 διεμυθολόγουν
603 463 822 520 τερατώδη
864 463 958 509 τινὰ,
1002 461 1074 504 καί
1109 459 1314 505 α’λλόκοτα
1349 459 1601 518 διηγήματα,

63 523 117 576 Λᾆξ’»
129 529 242 578 οὕτω
271 531 346 576 καί
370 530 410 576 οἱ
438 534 538 588 περὶ
565 529 636 573 τὸν
654 531 875 583 Παλαμᾶν
905 529 1202 585 ἐπεπράχεσαν
1231 530 1303 571 καί
1329 529 1510 570 τοιαῦτα
1543 529 1601 585 τῷ

90 625 100 631 -
131 601 269 660 οἰκείῳ
299 601 533 652 ξυνέθεσαν
562 599 691 657 τόμῳ.
762 595 790 640 ἃ
819 598 901 653 γὰρ
948 595 1172 652 ἐβούλοντο
1201 598 1402 652 γενέσθαι
1430 598 1521 651 μέν,
1552 594 1653 635 0152

63 682 66 683 ’
126 672 371 725 γεγένηνται
401 667 463 724 δέ,
490 666 563 708 καί
592 663 621 708 ἃ
653 667 786 720 λέγειν
807 663 1027 719 ἐβούλοντο
1056 665 1149 717 μέν,
1173 665 1225 706 ου’
1258 662 1507 718 δεδύνηνται
1542 663 1604 715 δέ,

63 727 65 730 ¹
127 737 211 781 τῶν
241 735 506 819 παραχρῆμα
535 731 720 788 ἐλέγχων
749 739 836 782 τοῖς
862 735 940 786 μὲν
972 732 1296 786 ἐντυγχάνοντες
1327 727 1408 788 ἤδη
1439 730 1537 782 τούς
1567 733 1603 774 δ’

9 817 13 822 ’
129 800 436 851 ὖποπτειῖοντές
468 803 506 855 γ’
551 799 634 853 ἔτι,
684 802 817 842 ταῦτα
858 799 909 854 δὴ
954 803 1062 852 μετὰ
1106 800 1261 853 πολλῆς
1301 800 1488 850 ἐξέθεντο
1532 801 1604 853 τῆς

60 870 367 924 ,ωαιῖθαδείας
412 867 519 923 ἐκεῖ,
560 870 613 926 τῇ
643 883 716 910 του
756 869 910 923 καιροῦ
956 866 1068 926 ῥοπῇ
1106 865 1151 907 τὸ
1187 866 1415 920 ἀνέλεγκτα
1443 863 1607 920 ψεύδε-

57 925 64 928 ’
128 939 235 980 σθαι
261 934 381 990 μάλα
401 934 726 990 τεθαρρηκότες,
760 934 832 977 καί
851 932 898 976 τό
921 950 967 988 γε
995 930 1110 987 παροὶ
1143 933 1293 988 σφίσιν
1316 934 1463 982 αὐτοῖς
1485 932 1607 975 ἀνέκ-

131 1020 245 1062 φορα
276 1001 390 1059 ἔχειν
424 1000 536 1045 αὕτα
578 1001 651 1045 καί
681 1002 781 1057 ἡμῖν
811 1003 991 1044 α’θέατα.
1061 1002 1172 1058 φασί
1204 1001 1243 1041 δ’
1277 996 1354 1042 οὖν
1385 1003 1609 1053 Παλαμᾶν

127 1089 177 1116 τα
209 1088 253 1115 τε
283 1066 394 1114 αλλα
422 1070 526 1126 πρὸς
567 1068 732 1127 ἀπάτην
763 1072 869 1126 δρᾶν
898 1072 983 1113 τῶν
1012 1068 1342 1124 ἁπλουστέρων,
1369 1084 1441 1109 και
1471 1071 1609 1122 θερα-

130 1139 252 1189 πειάς
283 1140 413 1195 δῆθεν
439 1139 523 1182 τῶν
545 1139 943 1192 σκανδαλιζομένων
971 1142 1059 1178 κατ’
1084 1135 1225 1178 αυτοῦ
1251 1132 1505 1178 ἐπισκόπων.
1539 1152 1608 1178 και

16 1223 20 1241 ³
54 1207 206 1262 Maio
233 1208 285 1264 δη
317 1222 388 1249 και
417 1208 501 1250 τῶν
531 1208 650 1265 αὐτῷ
671 1208 1077 1288 'sskoeocpqptqsss'vrwv
1106 1202 1198 1246 ἔνια
1222 1202 1423 1246 κόπτοντα
1455 1219 1500 1246 τε
1535 1221 1604 1247 και

130 1276 288 1330 ζέοντα,
308 1277 549 1327 ξυντιθέναι
566 1275 642 1317 νῦν
659 1277 703 1317 έν
734 1269 884 1323 ἄλλαις
901 1276 1035 1325 λέξεσι
1056 1272 1129 1314 τόν
1147 1274 1488 1328 βλασφημοῦντα
1509 1274 1609 1313 νοῦν

130 1349 216 1393 τοῖς
232 1345 340 1393 νέοις
362 1340 507 1397 τόμοις
526 1338 671 1394 αὗτοῦ,
699 1337 765 1385 ἅτ’
783 1342 859 1383 ου’κ
877 1342 1035 1385 εἰδέναι
1052 1345 1134 1383 τῶν
1157 1337 1396 1384 ἐπισκόπων
1417 1336 1605 1394 ἑχόντων

129 1413 254 1454 πλέον
280 1411 407 1454 οὐδὲν
442 1406 469 1466 ἢ
498 1407 565 1453 ὅτι
599 1408 765 1464 ἔξεσται
803 1406 830 1452 ἃ
859 1411 997 1458 κακῶς
1037 1410 1247 1460 τέθειται,
1296 1401 1363 1449 οἷα
1396 1409 1437 1449 δ’
1466 1404 1495 1448 οἳ
1529 1410 1609 1460 μὲν

130 1476 292 1530 ἔξεσται
321 1472 392 1521 οἷα
428 1479 464 1521 δ’
493 1496 550 1521 αυ
575 1495 600 1520 α
620 1481 808 1521 τέθειται
836 1477 914 1533 τὴν
930 1476 1111 1531 δύναμίν
1132 1479 1239 1527 ἐστι,
1269 1474 1429 1517 τούτων
1455 1476 1494 1517 δ’
1526 1471 1609 1517 οὔτ’

47 1556 120 1594 20
132 1546 294 1589 ἐπαιειν
310 1540 419 1596 ολως
437 1560 535 1589 ουτε
554 1547 806 1603 φροντίζειν.
824 1547 1056 1626 προφέρειν
1073 1544 1155 1598 γάρ
1176 1560 1244 1586 και
1264 1541 1477 1600 γραφικὰς
1494 1544 1614 1597 λέγε-

134 1628 206 1655 ται
234 1616 492 1668 μαρτυρίας,
524 1630 604 1667 ουχ
633 1611 690 1661 ὥς
716 1611 889 1666 ἔχουσιν
907 1610 1095 1666 ὑγιείας,
1124 1608 1231 1653 ἀλλὰ
1258 1613 1613 1666 παραφθείροντα

132 1681 191 1738 πῇ
220 1682 300 1735 μὲν
317 1686 408 1731 ταῖς
425 1683 617 1734 ἐντομαῖς
634 1697 704 1722 και
724 1678 1026 1736 παραλλάξεσι,
1056 1682 1113 1736 πῇ
1131 1681 1178 1722 δὲ
1206 1685 1296 1728 ταῖς
1315 1680 1345 1704 ‘¹
1363 1676 1650 1733 nape‘goeym-f·
1671 1675 1736 1711 111
1751 1675 1788 1712 b·

50 1769 74 1788 ,ο
131 1752 227 1803 γαΐς
257 1745 368 1801 ὄμοῦ
393 1763 438 1791 τε
466 1750 540 1791 καί
564 1747 909 1804 παρεξηγήσεσιν.
966 1740 1039 1800 ὧν,
1067 1749 1106 1790 εἰ
1136 1749 1418 1803 βουληθείης,
1460 1747 1534 1788 οὐκ
1561 1740 1615 1788 ἂν

8 1271 58 1361 {³

18 1544 54 1769 &jaff-&W
40 1534 44 1538 ’
25 1410 60 1525 'fimf-‘⁴3³5‘
41 1397 47 1400 ¹
33 1367 51 1386 Γ

18 1787 55 1877 ,ὶῡδᾳ

33 2002 41 2019 ,.
17 1900 43 1970 Axe

133 1958 219 1992 bent
243 1957 439 2000 licentiam,
475 1957 542 1991 iam
568 1956 669 1991 nulla
694 1961 893 1991 nostrarum
916 1966 1034 1991 rerum
1064 1961 1166 2000 parte
1191 1961 1252 1990 aut
1280 1956 1359 1990 visa
1394 1960 1455 1989 aut
1493 1955 1612 1990 audita

135 2016 175 2040 se
200 2005 328 2040 melius
354 2015 458 2050 quam
483 2013 550 2039 nos
578 2015 637 2038 eas
664 2006 883 2049 cognovisse
911 2004 1170 2038 contenderent
1197 2009 1303 2049 atque
1329 2009 1549 2038 monstrosas
1577 2009 1613 2037 et

134 2058 361 2098 portentosas
390 2052 528 2087 fabulas
554 2053 816 2097 confingerent.
870 2063 955 2097 quas
984 2053 1077 2085 enim
1098 2062 1155 2085 res
1183 2053 1351 2086 evenisse
1372 2052 1514 2096 quidem
1541 2062 1613 2086 vo-

135 2101 271 2144 lebant,
298 2101 409 2135 factas
435 2109 525 2134 vero
554 2110 632 2135 esse
659 2110 729 2134 non
757 2100 927 2134 videbant
953 2106 1013 2134 aut
1047 2110 1134 2144 quas
1167 2100 1287 2133 dicere
1323 2100 1464 2144 quidem
1501 2100 1611 2134 vole-

134 2149 220 2183 bant
243 2159 362 2194 neque
387 2159 476 2183 vero
492 2173 503 2190 ,
537 2159 643 2193 quum
669 2153 730 2182 aut
755 2149 871 2182 statim
905 2148 973 2181 iam
999 2148 1236 2181 refutationes
1262 2148 1428 2181 adessent
1455 2153 1515 2181 aut
1539 2158 1612 2181 non

137 2197 283 2242 longum
311 2196 439 2231 abesse
465 2198 747 2240 suspicarentur,
763 2197 885 2230 dicere
911 2200 1089 2239 poterant,
1114 2206 1172 2229 eas
1200 2201 1317 2229 tamen
1335 2205 1458 2229 omnes
1484 2206 1611 2241 magna

137 2253 214 2278 cum
239 2245 444 2289 arrogantia
477 2245 513 2278 in
551 2254 593 2278 eo
633 2249 878 2288 exposuerunt
896 2244 1066 2286 temporis
1093 2245 1361 2287 opportunitate
1386 2243 1612 2288 inexplorata

137 2293 351 2327 ementiendi
376 2292 482 2326 valde
508 2293 592 2326 freti
620 2297 655 2325 et
682 2303 721 2327 se
755 2297 909 2334 tomum,
946 2297 985 2325 ut
1018 2292 1122 2325 nobis
1150 2302 1229 2325 eum
1254 2291 1436 2335 inspicere
1463 2301 1535 2325 non
1562 2291 1612 2325 li-

137 2345 249 2383 ceret,
278 2340 371 2385 apud
396 2350 436 2374 se
461 2349 651 2375 reservare
662 2350 769 2384 posse
797 2340 934 2373 confisi.
959 2340 1082 2372 dicunt
1108 2345 1225 2373 autem
1251 2339 1426 2373 Palamam
1453 2340 1495 2373 ad
1510 2341 1611 2373 frau-

136 2387 215 2422 dem
243 2387 499 2433 simpliciorum
528 2394 563 2422 et
585 2389 628 2422 ad
641 2388 932 2421 conciliationem
946 2388 1195 2431 episcoporum
1209 2388 1240 2420 ei
1263 2387 1477 2420 offensorum
1505 2397 1611 2432 quum

136 2434 208 2469 alia
240 2435 384 2479 fucere,
418 2441 491 2470 tum
527 2437 692 2481 quasdam
727 2435 966 2480 blasphemias
1001 2435 1247 2480 diffingentem
1274 2440 1380 2478 atque
1408 2435 1612 2469 eradentem

137 2492 230 2517 nunc
256 2483 338 2518 aliis
361 2483 481 2518 verbis
506 2484 732 2528 blasphemas
758 2483 954 2518 sententias
980 2484 1085 2516 novis
1111 2483 1214 2516 tomis
1236 2492 1452 2527 componere
1479 2483 1611 2528 quippe

139 2540 245 2575 quum
272 2532 434 2576 episcopi
459 2531 551 2565 nihil
578 2532 728 2576 amplius
754 2533 848 2566 scire
863 2531 1014 2575 possint,
1030 2540 1131 2575 quam
1161 2540 1261 2564 erasa
1289 2541 1383 2573 csse,
1410 2541 1502 2576 quae
1518 2529 1610 2564 male

138 2579 256 2622 posita
279 2585 399 2621 erant3
428 2590 531 2625 quam
561 2585 680 2614 autem
704 2581 777 2614 vim
804 2579 864 2613 vel
891 2582 992 2613 erasa
1019 2578 1078 2612 vel
1115 2579 1232 2622 posita
1266 2578 1445 2620 habeant,
1482 2578 1517 2611 id
1542 2589 1611 2611 nec

138 2625 348 2672 intelligunt
372 2637 441 2661 nec
467 2633 604 2662 curant.
654 2628 859 2662 testimonia
886 2628 989 2661 etiam
1018 2637 1061 2659 ex
1095 2626 1205 2659 sacris
1232 2626 1419 2670 scripturis
1445 2626 1611 2670 proferre

139 2674 294 2716 dicitur,
330 2685 402 2710 non
436 2675 500 2709 illa
525 2676 667 2721 quidem
686 2686 772 2709 sana
798 2681 905 2719 atque
931 2675 1070 2719 integra
1086 2699 1095 2716 ,
1134 2674 1195 2707 sed
1222 2675 1348 2718 partim
1374 2674 1611 2708 incisionibus

141 2727 177 2755 et
203 2723 551 2766 commutationibus,
581 2725 706 2767 partim
738 2723 927 2757 fallacibus
956 2728 990 2756 et
1006 2723 1126 2766 pravis
1153 2722 1507 2766 interpretationibus
1526 2731 1611 2754 cor..

141 2774 256 2814 rupta.
283 2778 446 2815 quorum,
472 2772 502 2806 si
527 2771 591 2806 tibi
620 2771 757 2806 volenti
785 2777 849 2813 est,
878 2771 1041 2816 equidem
1066 2780 1137 2804 non
1154 2771 1385 2812 cessaverim,
1412 2770 1475 2804 tibi
1502 2770 1611 2803 otium

73 2973 86 3012 ..
