1826 3120
80 364 106 401 f.
126 364 191 399 111
211 373 239 398 r.

251 107 349 163 200
623 99 947 160 'memnoni
989 108 1297 162 canaonas.
1402 127 1425 135 -ν
1464 127 1574 166 ‚³11

251 219 438 276 α’ρχηγὸς
474 218 629 276 ἐκείνης
669 207 868 274 χιλιάδας
924 217 1023 272 ἧμῖν
1068 217 1299 272 χρημάτων
1341 220 1512 273 πέμψας
1551 222 1713 276 &nepveu

254 284 356 337 ὅσας
387 289 489 342 δῆτα
519 287 591 329 καὶ
618 285 866 342 ἐπεπόμφει,
896 286 953 327 δι’
978 283 1116 327 αὐτῶν
1156 285 1276 340 ἠξίου
1302 289 1517 329 τελεῖσθαι
1543 286 1590 331 τό
1620 292 1709 334 aet·

256 369 333 397 πον
365 356 498 406 &cervo
513 354 643 408 μέρος
672 356 747 396 τοῦ
774 352 895 394 θείου
911 352 1003 404 νεώ,
1031 353 1377 406 ἐπαγγελλόμενος
1396 351 1458 395 ἔτι
1478 356 1552 398 καί
1571 354 1709 398 ’πλείω

168 433 241 468 86
258 423 435 473 πέμπειν
474 423 634 463 ἐκεῖθεν
673 417 766 474 ἑξῆς
806 418 914 462 κατὰ
960 417 1006 462 τὸ
1045 420 1119 473 τῆς
1148 422 1298 473 χρείας
1340 419 1554 474 ἀνάλογον.
1611 420 1633 464 ό
1663 423 1710 466 δὲ

253 486 455 542 βασιλεῦς
481 485 599 539 ὑμῶν
630 486 778 528 οὑτοσί
822 488 893 528 καί
920 489 1022 528 θεοῦ
1064 487 1135 528 καί
1161 483 1397 541 ἀνθρώπων
1436 488 1546 530 αἰδῶ
1571 491 1744 531 ‚caan-5
1793 494 1799 521 ν’

253 557 419 610 βρίσας,
448 557 520 596 καί
547 555 661 610 δίκης
692 557 812 603 θειάς
839 554 1018 608 θρόνους
1046 552 1226 606 σεμνούς
1255 553 1461 607 παριδών,
1492 554 1712 612 ἀφῄρηται

253 623 330 674 μὲν
357 621 473 676 ἡμῶν
502 619 640 662 ἐκεῖνα
669 618 718 662 τά
749 619 971 677 χρήματα,
1005 621 1201 676 πέπομφε
1244 621 1284 662 δ’
1306 616 1491 678 Ὑρκανῷ
1522 622 1580 678 τῷ
1606 623 1709 664 οἶσε-

253 686 440 745 βεστάτῳ
458 689 650 746 γαμβρῷ,
679 686 899 744 προφανὴς
928 685 1146 743 ἱερόσυλος
1168 684 1489 740 καθιστάμενος,
1517 689 1711 730 καί-δαί-

252 769 353 806 μοσι
379 752 497 796 θύων
525 751 576 795 τοὶ
608 753 739 807 τίμια.
815 750 927 807 ὅμως
955 754 998 795 τί
1022 755 1141 796 τοῦτο
1185 753 1289 809 πρός
1317 769 1362 807 γε
1388 751 1438 796 τά
1469 750 1568 810 ἡμῖν
1594 755 1710 798 α’νω-

253 822 359 874 τέρω
398 824 636 874 λεχθέντας
683 822 737 862 ου’
775 820 855 878 γάρ
897 822 1043 872 μεῖζον
1085 821 1197 862 τοῦτ’
1240 819 1400 862 ἐκείνου
1431 836 1477 875 γε
1520 822 1596 863 τοῦ
1624 826 1769 871 τοῖς10

255 886 400 936 αὐτοῖς
427 888 658 942 βαρβάροις
687 887 967 944 χριστιανοὺς
996 886 1246 942 προδιδόναι
1276 889 1507 942 διηνεκῶς,
1530 889 1605 930 καί
1633 904 1714 930 κα-

255 954 393 1007 θάπερ
429 954 562 1008 ἱερεῖα
591 953 660 996 διὰ
694 957 776 998 τῶν
808 958 1076 1012 φαινομένων
1106 951 1265 996 τούτων
1289 953 1515 1010 προσάγειν
1542 961 1625 1005 τοῖς
1650 954 1708 1012 μὴ

256 1022 526 1076 φαινομένοις
570 1023 741 1075 δαίμοσι
789 1021 866 1073 τὰς
909 1024 1076 1064 ἐκείνων
1121 1019 1279 1075 ψυχάς.
1352 1024 1534 1077 θέατρον
1576 1021 1713 1067 τοίνυν

257 1088 447 1142 άγγέλοις
477 1087 549 1130 καί
589 1091 827 1145 ἀνθρώποις
867 1089 1115 1141 ἐλεούμενον
1149 1085 1169 1128 ὅ
1212 1091 1327 1138 θεῖος
1358 1085 1496 1143 οἶκος,
1528 1084 1711 1145 τόμέγα

255 1155 379 1196 τοῦτο
405 1157 555 1208 θαῦμα
580 1159 654 1211 τῆς
685 1157 929 1213 οἰκουμένης
966 1159 1359 1210 ἐγκαταλέλειπται,
1399 1160 1471 1203 καί,
1506 1156 1564 1213 μῆ
1605 1157 1714 1212 ἔχων
1729 1169 1771 1204 15

258 1216 354 1262 ὅποι
385 1224 459 1277 τῆς
490 1222 734 1278 οἰκουμένης
763 1226 985 1278 πρεσβείαν
1015 1225 1188 1277 πέμψας
1221 1221 1307 1277 τήν
1332 1223 1499 1279 α’δικίαν
1530 1225 1715 1280 ἀπαγγε-

256 1291 341 1340 λεῖ,
385 1288 586 1344 νοσούσης
633 1287 798 1345 ἁπάσης
840 1291 892 1331 δι’
927 1286 1018 1338 ἑνός
1063 1288 1217 1343 ἀνδρὸς
1246 1292 1515 1345 μοχθηρίαν,
1545 1290 1716 1334 ἵσταται

257 1355 403 1397 λοιπὸν
432 1357 503 1397 ἐπὶ
529 1358 662 1408 μέσου
690 1357 877 1410 θεάτρου
910 1358 984 1411 τῆς
1014 1356 1259 1411 οἰκουμένης
1291 1363 1453 1412 φωναῖς
1483 1355 1714 1414 άφθόγγοις

256 1423 338 1464 ταῖν
370 1423 514 1465 αἰτίων
555 1424 725 1477 θρηνῶν
763 1421 837 1477 τὴν
873 1421 1184 1478 ἀγνωμοσύνην.
1251 1423 1311 1472 εἰς
1347 1425 1533 1466 τοιοῦτον
1572 1426 1739 1466 τοίνυν

257 1488 330 1531 καί
365 1490 607 1544 τηλικοῦτον
646 1489 781 1542 βάθος
830 1492 969 1531 κακῶν
1009 1489 1228 1542 ἐμπεσόντι
1268 1496 1385 1540 ποῖος
1432 1488 1772 1542 α’δάμάντινοςςιο

257 1554 452 1609 λογισμὸς
482 1552 508 1611 ἢ
546 1556 644 1597 ποία
685 1555 825 1612 λιθίνη
855 1554 976 1612 ψυχὴ
1018 1562 1226 1598 κοινωνεῖν
1267 1561 1353 1599 τῶν
1382 1556 1573 1612 αἰσχρῶν
1599 1557 1715 1614 αύτῷ

256 1625 488 1677 βουληθείη
517 1626 642 1676 ποτέ,·

396 1691 538 1732 Ταῦτα
580 1690 632 1744 δή
678 1690 751 1732 καί
777 1690 906 1733 πλείω
935 1688 1098 1733 τούτων
1141 1691 1382 1747 προειπών,
1421 1693 1495 1734 καί
1531 1688 1715 1734 ἐπειπών

258 1755 463 1807 α’νεόμαλά
495 1772 540 1799 τε
571 1749 644 1799 καί
667 1758 806 1814 α’φελῆ
833 1759 905 1799 καί
938 1758 1188 1811 α’ταμίευτον
1224 1761 1301 1812 μὲν
1330 1757 1479 1813 ἔχοντα
1507 1756 1583 1813 τὴν
1611 1774 1714 1814 τρα-

256 1824 417 1878 χύτητα
445 1827 715 1878 μακροτέρων
745 1825 791 1866 δὲ
814 1827 995 1879 γέμοντα
1024 1825 1108 1866 τῶν
1140 1826 1385 1881 λοιδοριῶν,
1417 1826 1587 1867 α’πιέναι
1614 1822 1771 1874 τοὺς25

261 2036 345 2071 ceps
368 2036 433 2070 pro
458 2027 683 2061 necessitatis
711 2027 850 2061 ratione
866 2037 906 2061 se
931 2027 1115 2062 missurum
1132 2026 1326 2072 pollicitus.
1358 2037 1423 2061 rex
1445 2036 1533 2062 vero
1558 2026 1617 2061 hic
1643 2037 1713 2062 no-

260 2080 346 2115 ster,
371 2074 515 2107 dimisso
543 2084 627 2118 erga
659 2074 760 2108 deum
798 2074 1031 2120 hominesque
1063 2075 1198 2119 pudore
1235 2080 1270 2108 et
1303 2074 1470 2120 neglecta
1511 2076 1712 2110 veneranda

259 2121 379 2155 divina
404 2121 539 2154 iustitia
563 2122 733 2165 pecunias
759 2121 839 2155 illas
870 2122 972 2156 nobis
999 2122 1144 2156 abstulit
1182 2127 1216 2156 et
1250 2122 1345 2155 misit
1379 2122 1541 2166 Hyrcano
1574 2131 1709 2166 genero

260 2178 324 2202 suo
350 2167 525 2202 scelerato
551 2169 757 2202 manifestus
783 2169 989 2213 templorum
1017 2169 1082 2203 ille
1100 2169 1272 2214 spoliator
1308 2174 1343 2202 et
1374 2169 1440 2202 diis
1470 2169 1561 2202 dona
1586 2179 1709 2203 sacra..

259 2215 325 2248 vit.
376 2219 529 2248 attamen
566 2215 648 2260 quid
682 2216 771 2249 haec
813 2217 855 2250 ad
893 2216 956 2250 illa
989 2226 1079 2261 quae
1104 2226 1208 2261 supra
1239 2215 1427 2250 dixeram?
1464 2215 1576 2250 multo
1615 2217 1708 2250 enim

260 2262 405 2307 gravius
433 2267 486 2295 est
510 2263 596 2306 ipsis
620 2262 778 2296 barbaris
796 2263 1013 2298 Christianos
1043 2264 1209 2297 continuo
1234 2263 1374 2297 tradere
1398 2268 1434 2296 et
1460 2268 1622 2308 tanquam
1647 2273 1707 2297 sa-

261 2319 319 2342 cra
345 2319 437 2353 quae
463 2309 576 2342 oculis
603 2315 805 2352 cernuntur,
827 2311 893 2344 diis
921 2312 981 2356 qui
1013 2320 1084 2344 non
1110 2311 1208 2344 cerni
1243 2310 1356 2344 oculis
1380 2316 1539 2355 possunt,
1564 2310 1707 2345 illorum

259 2356 391 2390 animas
418 2357 631 2391 sacrificare.
689 2358 808 2402 itaque
837 2358 1004 2402 neglecta
1041 2358 1161 2391 domus
1195 2357 1259 2392 illa
1298 2357 1503 2391 miraculum
1537 2357 1708 2402 quoddam

258 2409 375 2437 terrae
405 2409 439 2436 et
464 2403 602 2448 angelis
632 2410 666 2438 et
693 2404 891 2438 hominibus
916 2405 1146 2439 miserrimum
1168 2404 1408 2449 spectaculum
1433 2404 1637 2449 praebebat.
1675 2410 1710 2439 et

259 2461 363 2494 quum
389 2460 461 2483 non
487 2456 582 2484 esset
606 2461 674 2495 quo
700 2457 870 2485 terrarum
896 2452 1117 2486 mitterentur
1142 2452 1201 2497 qui
1229 2451 1375 2485 iniurias
1400 2453 1496 2496 regis
1518 2452 1707 2486 referrent.

260 2508 364 2542 quum
391 2498 507 2531 onmia
536 2498 641 2531 unius
667 2499 735 2533 viri
761 2504 864 2543 pecte
897 2499 1121 2541 laborarent,
1159 2499 1297 2532 tandem
1330 2499 1549 2533 miseriarum
1574 2499 1708 2544 iniqui..

257 2550 364 2577 tatem
388 2544 669 2579 luculentissime
694 2551 775 2579 ante
804 2546 927 2580 oculos
960 2547 1089 2590 posuit.
1138 2546 1205 2579 iam
1231 2555 1318 2579 vero
1344 2546 1422 2590 quis
1447 2551 1485 2579 ut
1509 2551 1579 2579 tam
1603 2546 1708 2580 durus

260 2596 295 2624 et
317 2591 455 2624 ferreus
481 2597 518 2625 ut
544 2603 621 2625 cum
647 2603 733 2638 rege
759 2593 865 2627 faciat
889 2599 984 2627 tanta
1007 2603 1247 2627 aerumnarum
1275 2592 1370 2626 mole
1396 2592 1554 2627 obruto?

392 2654 489 2696 Quae
524 2665 628 2699 quum
655 2656 815 2691 ,dixisset
853 2656 1031 2701 multaque
1060 2655 1131 2689 alia
1161 2655 1369 2700 simpliciter
1405 2656 1497 2690 dicta
1521 2655 1711 2690 addidisset

259 2699 452 2735 acerbitate
479 2706 514 2735 et
536 2703 730 2747 ignominia
749 2703 855 2748 plena
874 2703 974 2738 abire
998 2703 1137 2749 legatos
1158 2703 1271 2737 iussit.
1328 2708 1434 2749 atque
1457 2703 1576 2757 multis
1601 2713 1707 2748 prae-
