1826 3120
255 143 370 195 <236
677 151 974 196 NICEPHORI
1024 120 1367 196 GREGORAE'

272 259 419 309 αὐτοῖς
449 260 521 301 καί
546 262 715 309 πλείους
743 261 881 302 αὐτῶν
910 261 1040 313 ἕτεροι
1073 259 1123 301 τὰ
1166 255 1291 312 ὅμοια
1322 257 1625 315 ἐπεπόνθεσαν,
1657 256 1730 304 καὶ

272 321 328 373 ὥς
356 323 632 381 ἑμβρὸντητοί
656 342 761 374 τινες
788 328 862 368 καί
889 325 1083 383 θεηλάτῳ
1114 328 1246 383 μανίᾳ
1280 328 1363 368 τινὶ
1401 328 1620 380 πληγέντες
1649 326 1727 368 οὐκ

270 388 411 435 ἴσασιν
439 387 500 433 ὅτι
537 394 681 449 δρῷεν,
712 391 817 433 ἄλλα
837 394 1166 445 ,περινοστοῦσιν
1207 391 1246 434 οἶ
1282 393 1501 446 δυσσεβεῖς
1527 392 1599 435 καὶ
1628 389 1728 444 ἒξᾰ-
1774 426 1781 429 ⁷

269 474 400 512 γιστοι
433 458 677 511 μεθυόντων
709 453 735 513 ἢ
763 460 1027 511 μαινομένων
1061 460 1192 513 δίκην,
1226 460 1323 500 καθ’
1351 454 1513 501 ἑαυτῶν
1540 461 1725 514 βακχεύ-

271 527 387 572 οντές
430 540 475 566 τε
531 527 603 566 καί
646 525 1040 581 οἰστρηλατούμενοι
1085 524 1229 566 καινόν
1273 541 1366 567 τινα
1398 524 1470 567 καί
1508 527 1761 582 τερατώδηᾰ

123 646 127 650 Δ
269 588 435 645 τρόπον.

183 660 256 694 19
398 656 498 711 Ἐγώ
539 659 607 714 δέ,
654 660 833 717 μηδαμῇ
865 661 940 701 τοῦ
982 662 1135 714 καιροῦ
1180 659 1503 713 συγχωροῦντός
1538 655 1610 713 μοι
1640 664 1728 708 τοῖς

269 722 430 775 ὁμοίοις
458 725 736 779 ἐνδιατρίβειν
765 727 807 775 ἐς
832 724 877 768 τό
907 725 1043 779 παρὸν
1071 726 1360 782 α’φηγήμασιν,
1392 727 1460 781 ἐφ’
1481 724 1604 780 ἕτερα
1631 728 1729 780 τρέ-

267 800 431 844 ψομαι,
462 793 724 844 πλατυτέραν
754 793 910 848 ἐκείνης
937 791 1271 846 ταμιευσάμενος
1309 791 1384 847 τὴν
1425 791 1638 848 ἀφήγησιν
1669 791 1727 840 ὥς

268 857 379 906 εἰκὸς
410 856 583 912 προϊών.
641 854 736 914 ἄρτι
754 858 835 913 γάρ
869 862 966 913 περί
994 858 1152 913 τροπὰς
1185 858 1357 913 θερινὰς
1386 861 1462 900 τοῦ
1479 858 1598 913 ἡλίου
1627 861 1727 914 ἐλη-
1741 869 1784 905 10

267 922 471 976 λυθότος,
514 925 659 966 ἕνδεκα
700 928 850 967 ναυσίν
896 927 940 967 ἐκ
971 924 1218 977 Βυζαντίων
1258 924 1496 978 λιμένωνό
1525 923 1725 978 βασιλεὺς

267 989 474 1043 ἀναχθείς
514 992 857 1047 Καντακουζηνὸς
893 989 1118 1045 ἑβδομαῖος
1167 990 1209 1041 ἒς
1253 991 1425 1034 Τένεδον
1469 992 1722 1047 α’φικνεΐται,

264 1060 548 1112 πολεμησείων
577 1059 669 1099 ἐκεῖ
690 1060 745 1115 τῷ
769 1061 944 1117 γαμβρῷ
979 1058 1279 1118 Παλαιολόγῳ·
1318 1053 1463 1114 ἤλπιζε
1491 1059 1572 1112 γὰρ
1603 1059 1724 1101 δυοῖν

262 1120 473 1177 θάτερον,
515 1118 540 1178 ἢ
570 1125 773 1183 προδοσίᾳ
812 1128 897 1167 τῶν
926 1124 1098 1167 ἔνδοθεν
1133 1119 1157 1179 ἢ
1187 1126 1236 1182 τῇ
1266 1123 1424 1176 ἔξωθεν
1454 1123 1572 1182 μάχῃ
1602 1124 1722 1181 α’φν-

263 1191 428 1239 λάκτοις
468 1192 512 1233 ἐκ
540 1193 617 1233 τοῦ
644 1193 862 1247 αἰφνιδίου
909 1194 1187 1244 ἐπεισπεσιόν,
1220 1191 1353 1233 αὐτόν
1383 1207 1425 1234 τε
1454 1186 1544 1244 ἅμα
1577 1194 1650 1234 καί
1675 1191 1720 1234 τὸ
1737 1210 1780 1246 15

261 1259 334 1311 τῆς
362 1260 537 1300 Τενέδου
567 1257 888 1314 καταλήψεσθαι
915 1257 1134 1316 φρούριον,
1164 1258 1236 1300 καί
1256 1259 1342 1301 ἀντ’
1365 1259 1498 1300 αὐτοῦ
1527 1258 1601 1300 τὸν
1627 1256 1720 1301 υἱὸν

260 1318 410 1366 αὐτόθι
441 1327 714 1379 καταλείψειν
747 1328 992 1378 Ματθαῖον,
1032 1326 1086 1384 τῷ
1118 1328 1250 1380 πατρί
1277 1326 1500 1381 τηνικαῦτα
1531 1325 1717 1378 συμπλέ-

262 1405 359 1432 οντα
392 1389 501 1443 ὅμοῦ
531 1393 584 1448 τῇ
611 1391 792 1449 συζὺγῳ.
853 1392 945 1434 ε’πεί
972 1394 1018 1434 δὲ
1047 1395 1102 1450 τῷ
1132 1395 1267 1445 λιμένι
1303 1393 1385 1434 τῶν
1418 1393 1620 1434 Τενεδίων
1647 1390 1719 1434 τὸν

259 1455 457 1499 εἴσπλουν
487 1460 833 1513 προαισθομένων
864 1461 907 1510 ἐξ
931 1458 1088 1514 ἐφόδου
1119 1458 1380 1513 ποιήσασθαι
1412 1453 1562 1512 ἥκιστα
1584 1456 1718 1513 ἔσχεν,

258 1520 330 1566 §ni
359 1523 521 1578 θάτερα
565 1523 705 1566 λοιπὸν
746 1527 819 1579 τῆς
866 1523 995 1580 νήσου
1027 1522 1334 1580 παραπλεύσας
1377 1523 1535 1574 πάσαις
1561 1526 1640 1577 μὲν
1667 1525 1800 1586 τῇ20’

258 1591 311 1646 γῇ
329 1596 422 1639 ταῖς
440 1592 590 1632 ναυσίν
607 1591 816 1645 ἀποβῆναι
841 1591 1131 1645 προσσχόντας
1161 1586 1306 1645 ἥκιστα
1328 1588 1462 1644 ἔκρινε
1493 1592 1601 1644 δέον,
1632 1592 1719 1632 δέει

259 1659 333 1697 τοῦ
365 1657 430 1712 μὴ
453 1659 511 1715 τῷ
539 1660 719 1715 πλείστῳ
746 1661 864 1711 μέρει
907 1660 1163 1707 κενωθείσας
1189 1655 1266 1707 τοὶς
1304 1659 1407 1705 ναῦς
1435 1660 1490 1714 τῷ
1520 1661 1716 1700 Παλαισ-

261 1719 368 1782 λόγῳ
396 1721 470 1778 τὴν
498 1723 667 1780 γνώμην
694 1721 1069 1779 προστεθειμέναςζ
1101 1725 1368 1780 ζημιωθῆναι
1395 1722 1453 1779 μὴ
1483 1722 1610 1778 μόνον
1640 1721 1715 1765 τᾶν

259 1976 356 2010 didit.
405 1986 483 2010 nam
511 1982 651 2021 praeter
678 1987 739 2011 eos
765 1978 862 2021 ipsos
890 1978 992 2011 etiam
1018 1976 1139 2020 plures
1165 1975 1227 2010 alii
1251 1976 1382 2011 similia
1405 1976 1499 2020 passi
1527 1981 1637 2010 erant.
1681 1981 1716 2011 et

259 2023 507 2068 fulguritorum
534 2025 643 2058 instar
670 2030 705 2058 et
728 2026 848 2059 divina
878 2025 1024 2069 quadam
1050 2025 1186 2057 insania
1214 2025 1306 2067 capti
1333 2024 1416 2068 quid
1442 2023 1640 2057 faciendum
1666 2024 1713 2057 sit

256 2071 432 2104 nesciunt.
494 2071 555 2104 sed
584 2071 744 2105 homines
778 2073 887 2115 impii
912 2077 946 2105 et
983 2071 1156 2105 exsecrati
1191 2072 1226 2103 in
1252 2076 1412 2114 potorum
1452 2071 1714 2115 furentiumque

256 2118 396 2151 modum
421 2123 543 2151 eontra
577 2124 689 2152 semet
726 2119 794 2163 ipsi
818 2119 1033 2152 bacchantes
1075 2123 1111 2151 et
1135 2118 1352 2152 insanientes
1388 2127 1518 2152 novam
1543 2118 1713 2162 quandam

258 2170 292 2198 et
318 2165 440 2198 miram
470 2171 665 2209 sequuntur
690 2167 874 2200 rationem.

388 2227 558 2272 Equidem
585 2240 689 2272 quum
715 2230 751 2262 in
776 2229 881 2263 rebus
916 2228 1088 2263 similibus
1114 2228 1243 2262 morari
1284 2233 1429 2272 propter
1457 2228 1626 2271 temporis
1652 2238 1712 2261 ra..

256 2275 388 2308 tionem
413 2276 555 2308 minime
582 2275 692 2309 liceat
715 2287 809 2309 nunc
834 2277 1038 2310 narratione
1063 2276 1105 2309 ad
1127 2275 1197 2309 alia
1223 2285 1327 2309 versa
1352 2274 1539 2318 prolixiori
1565 2285 1712 2318 parcens

256 2322 472 2365 expositioni
498 2323 548 2355 uti
574 2323 677 2356 decet
696 2334 854 2369 pergam.
906 2324 983 2366 ipso
1011 2323 1102 2356 enim
1128 2322 1280 2356 solstitio
1300 2322 1437 2355 aestivo
1459 2322 1620 2356 undecim
1646 2332 1714 2355 na-

256 2368 358 2401 vibus
385 2374 510 2402 vectus
541 2380 559 2402 e
588 2375 691 2413 portu
707 2371 879 2414 Byzantio
906 2371 1172 2405 Cantacuzenus
1200 2369 1346 2403 rexsdie
1372 2369 1521 2411 septimo
1536 2368 1712 2402 Tenedum

256 2416 420 2458 pervenit
453 2426 529 2449 cum
556 2416 772 2462 Palaeologo
800 2418 909 2452 affine
946 2417 994 2450 ibi
1021 2417 1259 2450 dimicaturus.
1318 2415 1482 2458 sperabat
1517 2417 1607 2448 enim
1636 2415 1713 2449 fore

255 2461 475 2505 alterutrum,
502 2469 540 2496 ut
564 2470 624 2497 aut
651 2464 847 2498 incolarum
873 2464 1073 2508 proditione
1105 2468 1165 2497 aut
1190 2473 1307 2508 pugna
1343 2467 1441 2495 extra
1467 2463 1651 2496 commissa
1676 2463 1713 2495 in

255 2519 316 2542 eos
343 2511 502 2543 custodia
530 2510 718 2544 destitutos
743 2512 860 2545 subito
886 2511 1045 2544 incidens
1072 2511 1184 2554 ipsum
1212 2510 1386 2554 simulque
1412 2509 1543 2543 Tenedi
1573 2510 1732 2553 praesi--

253 2556 345 2589 dium
372 2562 516 2600 caperet
551 2563 586 2591 et
613 2567 676 2602 pro
720 2568 761 2591 eo
796 2558 906 2592 fllium
942 2558 990 2591 ibi
1019 2563 1162 2601 caperet
1186 2556 1404 2597 mathaeum,
1445 2557 1504 2601 qui
1541 2566 1610 2589 una
1636 2566 1713 2589 eum

253 2613 364 2636 uxore
393 2614 435 2636 eo
464 2609 624 2648 tempore
654 2605 885 2639 comitabatur
918 2610 1063 2648 patrem.
1129 2609 1312 2648 postquam
1338 2608 1453 2636 autem
1479 2604 1620 2636 minime
1644 2612 1714 2646 po-

253 2650 321 2683 tuit
352 2651 466 2684 statim
483 2653 660 2695 attingere
675 2657 814 2696 portum
829 2652 1059 2685 Tenediorum
1086 2652 1215 2695 quippe
1231 2651 1283 2683 rei
1308 2660 1378 2683 non
1400 2651 1616 2695 ignatorum.
1645 2660 1713 2683 ve-

255 2697 315 2729 riti
342 2707 388 2730 ne
423 2708 535 2732 naves
560 2700 742 2732 maximam
774 2704 907 2743 partem
934 2703 1125 2732 evacuatae
1153 2697 1368 2741 Palaeologo
1408 2698 1610 2741 opinionem
1634 2705 1714 2730 mo-

260 2749 401 2786 verent,
435 2755 502 2790 qua
527 2755 599 2781 nou
626 2746 739 2779 solum
766 2751 839 2780 tota
865 2746 1043 2789 expeditio
1062 2746 1096 2778 in
1117 2743 1276 2778 consiliis
1304 2749 1339 2777 et
1361 2744 1555 2779 rationibus
1578 2744 1624 2779 sit
1648 2743 1714 2777 de-
