1826 3120
197 583 266 618 26

104 1448 130 1484 r.
148 1446 215 1486 148
228 1435 258 1487 f.

283 126 380 181 320
557 118 569 125 ⁰
677 120 973 181 Nicsrn'om
1016 135 1326 179 GREGORAE

281 241 435 287 ἑαυτοῦ
460 241 505 286 ἐν
531 246 578 300 τῇ
608 243 718 300 αὐτῇ
745 245 972 299 ἐπιστολῇ·
1025 240 1098 284 “gx
1128 241 1209 296 γάρ
1241 241 1482 300 θαλάσσης”
1511 237 1741 302 φησῖακαὶ

282 309 448 363 α’νέμων
480 308 807 352 ὑπακουσάντων
837 309 948 367 αὐτῷ
977 308 1208 364 ἐγνώρισαν
1231 309 1363 351 αὐτοῦ
1390 309 1462 366 τῆν
1489 307 1668 369 θεότητα
1697 311 1738 356 οἱ

281 374 518 419 α’πόστολοι.
577 375 728 417 οὐκοῦν
758 374 840 416 οἷπό
870 377 947 428 μὲν·
978 378 1058 417 τῶν
1097 378 1315 430 ἐνεργειῶν
1364 373 1389 431 ἦ
1419 380 1586 433 γνῶσις,
1612 374 1660 422 ’ἐκ
1690 381 1736 422 δὲ

281 444 354 496 τῆς
383 444 575 495 γνώσεως
604 442 628 497 ἧ
658 439 980 497 προσκύνησις.”
1048 438 1149 500 δρᾷς
1190 443 1278 491 πῶς
1309 444 1355 485 ἐκ
1381 445 1466 486 τῶν
1489 446 1737 504 ἐνεργηθέν-

281 525 364 550 των
397 508 504 564 φησί
525 507 769 562 θαυμάτων·
801 509 959 557 ταύτας
984 508 1064 563 γάρ
1099 525 1229 564 φησιν
1259 508 1387 559 αὐτὸς
1417 506 1526 553 εἶναι
1555 510 1630 561 τάς
1657 524 1768 559 κει-5

279 574 451 623 τιούσας
480 570 570 628 ἦτοι
602 576 873 626 δεικνυμένας
918 575 1016 629 ἡμῖν
1063 577 1286 629 ἑνεργειάς.
1345 576 1452 619 om&
1493 579 1638 632 dvol'r',
1678 579 1734 629 ὥς

279 638 414 694 ἔοικε,
462 638 639 695 θάτερον
671 640 952 689 δι’δωςνοεῖν.
1010 635 1036 695 ἢ
1063 638 1141 695 γάρ
1187 643 1228 692 ἐξ
1260 641 1386 696 ἀκοῆς
1417 645 1644 700 παροδικῆς
1671 646 1735 688 εἰ·

279 705 426 764 λη’φεις
457 705 532 761 τήν
562 706 700 763 ῥῆσιν,
733 703 757 762 ἢ
788 710 836 764 τῇ
867 710 1063 765 ἐπιστολῇ
1089 707 1276 762 ε’ντυχών
1317 708 1366 749 οὗ
1396 713 1605 764 συνῆκας·
1661 712 1735 755 καὶ
1788 749 1794 753 ,

277 772 453 827 πάσχεις
480 775 776 829 παραπλήσιον
812 772 955 828 ὥσπερ
999 771 1052 816 ἄν
1082 773 1127 816 εἴ
1151 791 1212 824 τις
1243 777 1286 816 ἐν
1322 779 1567 836 μεσημβρίᾳ
1594 777 1733 834 φωτός

277 840 539 897 ἀκραιφνοῦς
584 841 683 890 τούς
724 840 977 897 ὀφθαλμούς
1013 841 1211 895 α’νασχών
1252 840 1356 897 πρὸς
1388 841 1462 884 τὸιῗ
1484 840 1613 897 ἥλιον,
1642 841 1729 888 εἶτα
1746 856 1790 892 10

278 909 332 949 δι’
363 908 533 950 α’τονίαν
577 908 868 964 ἀποστραφείς
910 908 1015 962 πρὸς
1055 908 1129 963 τήν
1167 912 1264 962 γῆν,
1307 907 1544 964 χρωμάτων
1574 909 1730 953 εἴδωλα

277 972 528 1029 φαντάζοιτο
561 976 795 1017 πολυειδῶν
834 991 878 1016 τε
929 978 1000 1017 καί
1039 973 1283 1031 διαφόρων,
1332 973 1360 1017 ἃ
1401 976 1534 1018 πάντα
1587 968 1731 1033 ψευδῆ

273 1055 317 1081 τε
350 1035 449 1082 ὄντα
481 1039 552 1082 καί
582 1039 831 1095 α’νύπαρκτα
870 1047 960 1090 ταῖς
1004 1040 1326 1096 α’ρρωστούσαις
1367 1038 1495 1096 ὄψεσι
1533 1044 1727 1086 δοκοῦσιν

275 1102 383 1148 εἶναι
415 1107 567 1161 α’ληθῆ.
614 1107 640 1161 ἢ
671 1108 830 1159 μᾶλλον
847 1103 987 1163 ὥσπερ
1016 1107 1053 1150 οἱ
1078 1107 1310 1160 μεθύοντες
1343 1109 1396 1149 ου’
1410 1109 1461 1151 τά
1480 1104 1594 1151 ’ὄντα
1621 1107 1728 1153 κατὰ

278 1173 409 1228 φύσιν
425 1173 577 1228 ὁρῶσιν
594 1174 684 1215 ἀλλ’
702 1174 798 1215 ἄνθ’
816 1173 966 1228 ἐτέρων
989 1178 1111 1230 ἕτερα
1131 1176 1314 1228 δοκοῦσι,
1332 1178 1646 1231 κυματουμένης
1660 1177 1729 1231 τῆς
1745 1190 1788 1225 15

268 1233 422 1292 ’ὅψεως
453 1239 534 1281 ὕπὸ
569 1243 641 1294 τῆς
674 1241 770 1295 περὶ
798 1240 866 1283 τὸν
895 1240 1124 1297 ἐγκέφαλον
1153 1239 1382 1298 ὑγρότητος
1411 1242 1483 1284 καί
1509 1240 1636 1284 οἱονεὶ
1661 1258 1734 1284 κο-

274 1303 505 1361 λυμβοόσης
537 1305 578 1355 ἐς
607 1306 658 1347 τά
689 1306 921 1363 φαινόμενα
953 1310 1232 1363 πλημμελῶς,
1276 1306 1387 1351 οὕτω
1419 1307 1467 1362 δὴ
1502 1308 1574 1365 κατ’
1603 1308 1730 1359 αὐτὸς

274 1373 442 1430 dua-9123
483 1375 615 1431 πολλῇ
660 1373 1019 1429 στρατηγούμενος
1061 1372 1209 1430 ἥκιστα
1259 1374 1369 1429 ἔχεις
1408 1381 1516 1417 νοεῖν
1555 1373 1730 1428 ὥςκέχει

275 1438 445 1494 φύσεως
474 1437 525 1481 τὰ
565 1445 652 1489 τοῖς
674 1444 807 1489 θείοις
854 1443 1084 1495 δεδογμένα
1113 1439 1313 1494 πατράσι.
1386 1443 1499 1484 τοῦτ’
1539 1440 1671 1484 ἐκεῖνο
1705 1439 1730 1482 ὃ

272 1508 343 1547 καί
378 1511 462 1555 τοῖς
505 1505 589 1548 α’πό
625 1505 763 1562 κώπης
809 1510 880 1549 ἐπί
918 1511 1037 1562 βῆμα
1085 1510 1156 1549 καί
1198 1507 1280 1550 α’πὸ
1323 1509 1537 1564 σκαπάνης
1583 1510 1653 1551 ἐπὶ
1679 1508 1785 1560 *1620

182 1589 188 1593 ·
226 1613 230 1615 ,
271 1575 485 1627 θεολογεῖν
514 1574 819 1629 αὐτομολοῦσι,
851 1577 934 1615 πᾶν
975 1577 1053 1626 μὲν
1083 1570 1218 1627 ὄνομα
1247 1578 1344 1631 περὶ
1375 1577 1480 1617 θεοῦ
1507 1574 1727 1630 λεγόμενον

271 1638 516 1695 σωματικὴν
544 1643 720 1698 παρέχει
762 1640 835 1696 τὴν
865 1640 1057 1695 ἔννοιαν,
1089 1644 1173 1684 πᾶν
1205 1643 1251 1684 δὲ
1281 1646 1456 1698 πρᾶγμα
1485 1641 1728 1697 σωματικὴν

271 1889 329 1924 sit.
381 1895 497 1924 tamen
522 1892 752 1936 progrediens
778 1891 938 1936 reperies
966 1890 1134 1927 Basilium
1161 1901 1322 1939 magnum
1352 1897 1388 1927 et
1411 1894 1524 1937 ipsum
1549 1894 1729 1938 interpre-

270 1943 402 1971 tantem
428 1949 490 1971 sua
528 1940 638 1982 ipsius
664 1940 773 1973 verba
813 1941 847 1973 in
884 1941 1002 1974 eadem
1031 1941 1193 1984 epistola.
1245 1952 1263 1974 e
1286 1942 1373 1975 mari
1401 1942 1514 1983 enim,
1540 1942 1667 1986 inquit,
1692 1946 1727 1975 et

269 1986 400 2026 ventis,
423 1996 513 2029 quae
540 1987 571 2018 ei
602 1987 783 2029 parebant,
812 1988 887 2021 eius
913 1989 1133 2021 divinitatem
1168 1988 1320 2032 apostoli
1356 1994 1613 2033 cognoverunt,
1640 1998 1725 2033 ergo

273 2032 315 2065 ab
341 2033 543 2066 efficientiis
577 2034 714 2077 quidem
742 2039 824 2067 nata
862 2040 915 2067 est
952 2036 1130 2079 cognitio:
1165 2046 1185 2068 a
1210 2036 1416 2080 cognitione
1453 2040 1568 2068 autem
1597 2035 1723 2069 cultus.

269 2080 369 2113 vides
395 2090 472 2112 eum
499 2080 617 2113 dicere
652 2091 670 2113 e
696 2081 876 2128 miraculis
904 2082 1039 2115 effectis
1055 2106 1065 2123 ‚
1092 2082 1151 2115 has
1179 2083 1270 2115 enim
1303 2083 1388 2116 dicit
1412 2082 1478 2115 ille
1502 2093 1581 2116 esse
1607 2082 1726 2115 effici..

261 2127 381 2160 entius
417 2127 495 2160 sive
531 2128 786 2162 descendentes
819 2129 897 2162 sive
934 2134 1144 2173 apparentes
1176 2129 1290 2163 nobis.
1348 2130 1408 2163 sed
1435 2128 1638 2162 alterutrum
1665 2130 1724 2163 vi-

268 2173 361 2206 deris
388 2174 470 2207 dare
495 2174 597 2207 nobis
618 2176 860 2218 cogitandum:
894 2182 954 2209 aut
987 2177 1078 2209 enim
1113 2187 1131 2209 e
1156 2177 1246 2210 fama
1275 2177 1403 2209 cursim
1437 2177 1616 2219 arripuisti
1644 2186 1724 2210 ser-

268 2230 406 2253 monem
435 2226 495 2254 aut
523 2222 558 2254 in
585 2223 771 2265 epistolam
796 2223 955 2256 incidens
981 2233 1052 2256 non
1078 2223 1308 2257 intellexisti:
1336 2229 1372 2256 et
1399 2224 1490 2257 idem
1520 2223 1591 2266 pati
1618 2224 1722 2257 vide.-

267 2269 315 2300 ris
343 2273 380 2300 ut
405 2269 433 2300 si
460 2269 537 2312 quis
562 2270 709 2302 meridie
749 2271 888 2313 integra
914 2270 995 2303 luce
1023 2270 1147 2303 oeulos
1174 2270 1341 2303 attollens
1378 2271 1419 2303 ad
1445 2269 1570 2312 solem,
1596 2270 1723 2304 deinde

267 2320 413 2358 propter
438 2314 644 2358 languorem
678 2327 825 2349 aversus
864 2318 900 2350 in
927 2322 1077 2359 terram,
1098 2317 1255 2351 colorum
1288 2317 1476 2351 simulacra
1500 2317 1567 2350 sibi
1593 2317 1722 2359 imagi-

265 2367 370 2394 netur
394 2361 659 2396 multiformium
688 2369 722 2396 et
748 2364 990 2406 diversorum,
1018 2375 1108 2408 quae
1145 2365 1259 2397 omnia
1284 2365 1443 2408 quamvis
1470 2365 1550 2398 ficta
1576 2369 1610 2397 et
1635 2365 1722 2398 sub-

264 2410 394 2442 stantia
421 2411 580 2443 carentia
605 2410 720 2443 oculis
744 2416 859 2444 tamen
896 2411 1071 2455 languidis
1095 2421 1181 2444 vera
1223 2421 1301 2444 esse
1328 2412 1511 2445 videntur:
1549 2412 1628 2444 sive
1653 2421 1722 2454 po-

265 2457 335 2488 tius
360 2457 452 2489 sicut
491 2457 580 2490 ebrii
603 2468 675 2490 non
712 2458 834 2491 vident
872 2469 929 2491 res
957 2458 1080 2502 quales
1115 2469 1201 2492 vere
1236 2463 1316 2491 sunt
1351 2459 1411 2492 sed
1446 2467 1509 2502 pro
1544 2458 1624 2491 aliis
1652 2458 1723 2491 alia

266 2503 451 2545 videntur,
495 2504 601 2537 oculo
631 2506 808 2548 exagitato
836 2511 980 2549 propter
1011 2505 1206 2550 liquorem,
1243 2506 1303 2549 qui
1345 2506 1380 2539 in
1418 2504 1565 2538 cerebro
1592 2510 1657 2546 est,
1688 2509 1723 2538 et

265 2555 428 2594 tanquam
465 2557 606 2584 natante
653 2557 688 2584 et
723 2551 914 2586 fluctuante
954 2553 1045 2596 quod
1082 2553 1124 2585 ad
1153 2563 1209 2585 res
1253 2558 1464 2595 apparentes
1498 2553 1643 2593 attinet,
1673 2552 1722 2584 ita

266 2599 368 2630 etiam
405 2603 441 2631 tu
482 2599 704 2642 ignorantiae
745 2599 875 2632 multae
911 2600 979 2632 dux
1014 2600 1156 2632 minime
1188 2600 1257 2632 scis
1287 2600 1461 2643 quomodo
1496 2609 1535 2632 se
1568 2599 1721 2632 habeant

267 2649 390 2677 natura
426 2645 588 2688 dogmata
624 2651 757 2688 patrum
795 2647 1011 2679 divinorum:
1044 2646 1130 2679 illud
1161 2647 1291 2689 ipsum,
1328 2647 1419 2689 quod
1454 2646 1557 2679 etiam
1581 2646 1626 2679 iis
1653 2655 1719 2678 usu

265 2692 382 2734 venit,
423 2694 482 2736 qui
510 2703 530 2725 a
556 2703 650 2725 remo
681 2694 722 2726 ad
748 2699 951 2738 suggestum
986 2698 1020 2726 et
1044 2704 1064 2726 a
1090 2693 1211 2738 ligone
1242 2694 1285 2726 ad
1311 2693 1526 2737 theologiam
1553 2698 1719 2727 transvo-

256 2737 351 2782 lant,
378 2747 481 2774 omne
508 2749 638 2773 nomen
666 2740 710 2774 de
740 2741 805 2775 deo
833 2741 961 2774 dictum
988 2740 1041 2776 his
1058 2740 1204 2786 praebet
1229 2741 1482 2787 cogitationem
1497 2749 1718 2786 corpoream,
