1768 3132
161 153 257 205 548
565 161 862 208 NlcEPflom
905 161 1210 206 GREGQRAE

159 271 234 312 τοῦ
262 287 293 326 φ
326 270 536 324 στοιχείου
569 285 677 324 προς
704 267 750 310 τὸ
785 269 866 328 φεῦ
894 267 1358 322 μεταστοιχειώσαντες,
1385 265 1432 322 τὸ
1462 266 1510 313 δὲ
1537 281 1615 308 κα-

160 335 233 379 λὸν
265 333 319 378 αὖ
352 333 443 386 ἑνὸς
472 335 694 377 ἀλλοιώσει
730 335 806 382 τοῦ
847 338 871 376 λ
914 335 1124 387 στοιχείου
1164 331 1518 397 μεταβεβληκότες
1555 333 1615 383 εἷς

160 401 206 444 τὸ
247 401 375 444 κακὸν
406 401 477 443 διὰ
503 401 576 455 τῆς
615 401 673 450 εἷς
700 399 746 442 τὸ
778 416 801 441 κ
830 403 1080 456 μεταβολῆς.
1150 401 1223 443 καί
1248 399 1354 456 πρός
1380 414 1427 456 γε
1455 397 1518 442 ἔτι
1540 397 1616 454 τὴν

162 470 267 523 περί
289 468 505 524 πρόθεσιν,
538 467 648 517 λέξιν
667 463 800 509 οὖσαν
830 465 941 522 ὅλην,
973 467 1283 523 παραξέσαντες
1309 466 1383 508 καί
1411 463 1518 522 πρὸς
1542 463 1616 520 τὴν

161 535 270 577 κατά
294 533 632 590 μετενηνοχότες,
663 533 754 576 ἀντί
781 535 855 576 τοῦ
897 534 997 590 περὶ
1022 536 1096 576 τοῦ
1123 526 1261 590 φωτός
1288 532 1395 576 κατὰ
1420 534 1495 576 τοῦ
1523 537 1651 590 φοι-5
1690 551 1692 553 ’
1720 545 1723 550 ²

166 602 235 650 τός
263 601 613 657 μεθηρμόσαντο,
650 600 862 656 ἀθύρουσι
881 601 1126 657 παιδαρίοις
1158 600 1397 657 προσόμοια
1427 601 1618 655 δρῶντες,

163 668 236 710 καί
262 669 394 710 ταῦτα
422 669 505 708 τῶν
546 666 730 722 ἐλέγχων
759 667 802 708 ἐν
842 666 1085 722 ὀφθαλμοῖς
1128 657 1416 722 προκειμένων
1446 664 1519 714 διὰ
1543 667 1619 721 τῆς

164 733 263 790 ὅλης
290 734 451 782 ἐννοίας
482 735 556 775 τοῦ
585 733 709 789 λόγου
733 733 806 775 καί
833 734 916 775 τῶν
945 733 1284 788 ἐπιχειρημάτων
1304 730 1413 787 ὄμοῦ
1440 732 1513 775 καὶ
1545 733 1616 788 ἐρ-

161 803 346 856 γασιῶν,
389 801 490 842 καθ’
519 798 619 842 ὅσον
667 800 802 851 εἰκός,
847 799 920 842 καί
946 799 1129 853 μάλιστα
1173 801 1255 842 τῶν
1282 800 1516 856 γραφικῶν,
1545 797 1618 840 καί

77 877 145 911 82
164 867 291 909 πάνθ’
321 866 402 909 ὅσα
432 869 492 924 τῷ
514 866 624 922 ’λόγῳ
658 867 856 922 πρόσεστι
890 866 1078 921 περὶτοῦ
1105 866 1292 908 τοιούτου
1326 866 1479 922 φωτός.
1511 863 1618 907 ἀλλὰ
1632 873 1675 909 10
1733 873 1744 899 3

162 935 293 975 ταῦτα
325 935 539 982 ποιοῦντες
582 930 674 974 οὕτε
702 932 903 984 βλάπτειν
943 931 1055 987 ἡμᾶς
1087 931 1294 983 δύνανται,
1323 932 1397 974 καί
1428 929 1516 986 ἅμα
1544 927 1618 986 τὴν
1649 953 1653 956 «

164 1000 374 1056 σφετέραν
402 1000 475 1042 καί
508 998 674 1050 ἄκοντες
704 998 761 1050 ὥς
789 1001 945 1042 ἐπίπαν
973 997 1250 1055 ὁμολογοῦσιν
1289 997 1514 1041 ἀσθένειαν
1536 1012 1616 1052 μο-
1666 1035 1670 1039 ,

162 1068 335 1119 νονουχί
362 1069 566 1121 βοῶντες,
607 1068 679 1110 καί
706 1069 820 1124 σφᾶς
850 1065 998 1116 αὐτοὺς
1038 1066 1365 1120 ἐκπομπεύοντες
1398 1063 1454 1115 ὥς
1482 1063 1619 1115 ἄλλως

164 1132 237 1174 οὒκ
283 1133 447 1186 ἔχοντες
482 1133 742 1188 ἀντιβλέπειν
780 1132 886 1190 πρὸς
914 1132 986 1188 τὴν
1031 1133 1247 1188 ἀλήθειαν.
1303 1133 1377 1175 καί
1402 1133 1619 1185 πάσχουσι

163 1199 442 1255 παραπλήσια
469 1202 524 1257 τῇ
552 1202 626 1243 τοῦ
642 1200 849 1245 Αἰσώπου
875 1201 1062 1257 καμήλῳ,
1093 1198 1121 1255 ἢ
1151 1201 1204 1242 δι’
1234 1199 1459 1242 ἀσθένειαν
1477 1198 1618 1255 ἔμφυ-
1633 1205 1676 1240 15

163 1282 234 1308 τον
263 1271 451 1322 κεράτων
486 1268 754 1323 ἀμυντηρίων
783 1267 1116 1322 ἐπιθυμήσασα,
1145 1267 1217 1309 καὶ
1243 1267 1325 1308 τῶν
1353 1267 1475 1309 ἰδίων
1503 1262 1619 1308 α’ίτων

165 1333 396 1388 ἐστέρηται.
463 1335 540 1376 καί
561 1350 637 1388 μοι
677 1332 824 1376 λοιπὸν
869 1332 1038 1375 οἴεσθαι
1078 1332 1266 1383 ἔπεισιν,
1309 1330 1365 1382 ὥς
1404 1333 1520 1389 ξίφει
1546 1347 1620 1387 την

163 1401 266 1455 ἐμὴν
299 1400 470 1456 ἀφελεῖν
499 1401 688 1458 κεφαλὴν
720 1402 891 1456 καὶτῆς
921 1401 1138 1456 παρούσης
1168 1398 1408 1450 ἀπαλλάξαι
1436 1399 1545 1453 ζωῆς
1576 1399 1619 1440 ἐν

160 1468 324 1520 βραχεῖ
360 1467 575 1523 ἐφιέμενοι
609 1468 687 1521 μὲν
716 1467 763 1509 οὗ
802 1466 1024 1521 δυνάμενοι
1058 1466 1128 1517 δέ,
1165 1465 1300 1520 τάμά,
1327 1463 1398 1507 τὸν
1430 1464 1622 1520 δεύτερον

166 1534 308 1582 πλοῦν,
340 1525 676 1584 ὗποκλέπτοντες,
707 1535 945 1589 μαχαίραις
977 1533 1210 1584 ἀποξέουσί
1224 1547 1269 1574 τε
1297 1532 1370 1574 καί
1403 1531 1617 1575 ἀπαλλάτ-
1631 1537 1677 1572 20

163 1613 286 1639 τουσι
316 1597 423 1655 πρὸς
448 1598 494 1641 τὸ
524 1599 939 1656 σφίσιβουλόμενον,
969 1599 1058 1642 ἔστι
1078 1601 1116 1641 ‹5’
1135 1597 1204 1642 ὅτε
1220 1598 1293 1641 καὶ
1320 1600 1474 1652 βυιθοΐς
1504 1596 1619 1654 ἀφα-

160 1666 322 1719 νισμῶν
360 1667 702 1721 πρυτανεύουσιν·
734 1666 835 1709 ὅσον
862 1666 908 1709 τὸ
949 1670 1038 1708 κατ’
1080 1665 1241 1716 αὐτούς,
1289 1665 1326 1707 εἷ
1364 1664 1438 1707 καὶ
1469 1661 1619 1714 ἄλλως,

160 1732 235 1786 τῆς
266 1732 388 1782 θείας
420 1732 774 1790 ἀντιπραττούσης
801 1735 952 1785 δεξιᾶς,
985 1733 1156 1790 καιρίαν
1178 1747 1223 1775 τε
1255 1731 1494 1789 ἐπλήγησαν
1516 1734 1619 1774 πολι

163 1937 231 1979 adv
257 1948 373 1976 autem
399 1944 502 1977 unius
519 1944 661 1979 litterae
683 1946 876 1979 mutatione
901 1951 1076 1982 mutantes
1101 1947 1138 1980 in
1163 1940 1278 1982 κακὸν
1301 1956 1367 1991 per
1391 1945 1620 1980 mutationem

164 1991 200 2023 in
226 2003 258 2024 κ.
312 1996 348 2023 et
385 1997 568 2035 praeterea
604 1997 688 2039 περὶ
729 1994 994 2037 praepositione
1029 1999 1101 2028 tota
1128 1994 1242 2028 eiecta
1279 1999 1314 2028 et
1348 1994 1384 2026 in
1410 1987 1504 2028 κατὰ
1532 2002 1621 2026 con-

165 2048 282 2078 versa,
314 2048 376 2080 pro
409 2044 494 2082 περὶ
529 2040 596 2075 τοῦ
630 2038 756 2086 φωτὸς
799 2042 1041 2085 rescriperunt
1077 2036 1171 2076 κατὰ
1210 2041 1277 2076 τοῦ
1315 2041 1449 2087 φωτός.
1498 2040 1643 2077 ludunt,

164 2085 392 2128 puerulorum
426 2087 535 2119 instar
575 2087 767 2129 facientes,
801 2088 905 2132 idque
945 2099 1048 2133 quum
1086 2093 1289 2133 argumenta
1324 2088 1394 2121 sint
1433 2088 1470 2121 in
1507 2086 1621 2120 oculis

165 2137 311 2175 propter
340 2137 445 2166 totam
474 2135 647 2167 sermonis
690 2135 922 2168 intentionem
966 2141 1001 2169 et
1024 2137 1165 2179 incepta
1189 2140 1224 2169 et
1249 2135 1374 2176 studia,
1400 2140 1439 2168 ut
1466 2144 1622 2168 consen-

165 2183 304 2211 taneum
331 2185 394 2212 est.
446 2181 606 2223 inprimis
644 2187 758 2215 autem
793 2187 939 2225 propter
972 2184 1167 2227 scripturae
1192 2183 1416 2224 testimonia,
1446 2186 1482 2215 et
1506 2181 1623 2215 omnia

166 2235 257 2269 quae
294 2237 370 2258 cum
409 2237 572 2260 sermone
599 2229 642 2262 de
666 2229 729 2262 illo
761 2226 887 2275 φωτὸς
919 2235 999 2263 sunt
1033 2231 1231 2264 coniuncta.
1293 2230 1356 2263 sed
1382 2229 1449 2262 hoc
1474 2233 1622 2273 agentes

165 2272 268 2306 nobis
294 2273 421 2307 obesse
448 2285 518 2307 non
545 2281 703 2318 possunt,
730 2276 905 2321 simulque
931 2278 1045 2311 coacti
1062 2282 1142 2310 sunt
1165 2287 1233 2310 una
1259 2286 1379 2310 omnes
1399 2286 1495 2309 suam
1521 2276 1622 2319 ipso-

166 2330 241 2353 rum
284 2320 562 2355 imbecillitatem
600 2325 702 2356 modo
739 2333 810 2356 non
838 2324 1001 2358 clamare.
1061 2330 1096 2358 et
1136 2329 1247 2358 semet
1283 2323 1350 2367 ipsi
1377 2322 1621 2362 abiieeientes,

170 2367 270 2410 quasi
297 2367 402 2401 aliter
429 2379 500 2402 non
527 2371 664 2412 possint
705 2370 843 2404 obtueri
870 2372 1068 2412 veritatem,
1093 2372 1212 2415 itaque
1246 2370 1362 2404 simile
1391 2370 1474 2414 quid
1497 2368 1624 2402 accidit

167 2415 302 2457 Aesopi
330 2416 475 2449 carneli:
503 2417 562 2460 qui
592 2422 736 2460 propter
770 2418 921 2451 inuatam
962 2417 1241 2451 imbecillitatem
1275 2427 1406 2450 cornua
1434 2415 1623 2463 propulsa-

168 2461 259 2494 toria
293 2464 549 2505 concupiscens
590 2465 731 2497 auribus
771 2466 928 2508 privatus
958 2470 1023 2498 est.
1086 2475 1127 2498 ac
1166 2464 1251 2497 mihi
1286 2463 1460 2508 reliquum
1498 2468 1551 2496 est
1586 2466 1624 2495 ut

169 2508 305 2540 credam
333 2509 451 2553 gladio
479 2520 539 2543 eos
567 2516 672 2554 caput
687 2522 800 2544 meum
827 2513 994 2545 decutere
1018 2523 1145 2556 meque
1171 2516 1359 2555 praesente
1385 2512 1457 2544 vita
1483 2511 1624 2554 privare

166 2554 286 2595 velle;
317 2558 408 2603 quod
436 2568 538 2601 quum
565 2568 636 2591 non
665 2559 812 2601 possint,
839 2570 935 2592 meas
954 2570 1011 2592 res
1037 2560 1191 2592 secundo
1217 2563 1325 2593 ventu
1352 2558 1564 2591 suffurantur
1590 2560 1627 2589 et

170 2603 359 2635 corradunt
377 2604 534 2637 cultellis
555 2610 589 2638 et
615 2605 814 2638 distrahunt
841 2617 884 2639 ex
910 2606 1075 2646 arbitris3
1101 2615 1350 2649 nonnunquam
1377 2610 1491 2638 autem
1521 2603 1625 2637 etiam

167 2649 297 2681 inimo
336 2651 600 2684 disturbationis
626 2658 776 2696 regnant
814 2663 876 2696 pro
914 2653 1009 2686 virili
1041 2658 1165 2696 parte,
1204 2662 1407 2697 quamquain
1447 2651 1535 2685 alias
1567 2650 1625 2683 dei

165 2696 288 2728 dextra
317 2699 492 2731 contraria
522 2698 691 2732 moliente
722 2701 763 2733 ad
789 2705 937 2733 mortem
963 2700 1024 2733 icti
1051 2705 1131 2737 sunt
1158 2710 1265 2744 saepe
1294 2704 1329 2732 et
1352 2699 1464 2732 adhue
1487 2706 1626 2741 semper

162 2742 317 2779 iciuntur
352 2750 387 2780 et
426 2746 657 2781 ostenduntur
691 2751 856 2794 tanquam
891 2747 966 2793 lupi
998 2747 1126 2782 frustra
1159 2747 1324 2791 hiantes,
1349 2746 1442 2794 quod
1465 2746 1564 2782 aiunt
1587 2744 1624 2779 in
