1786 3138
250 125 349 188 448
488 129 527 133 ”
664 143 958 191 mci-:Pnom
1002 144 1339 218 enssoonsa‘

250 249 323 292 καί
338 249 502 306 Δανιὴλ
522 251 595 294 καὶ
612 251 784 309 Ἰωσήφ,
815 248 876 302 οἷς
902 253 1145 310 νυκτεριναί
1165 269 1273 303 τινες
1301 251 1424 308 ὄψεις
1448 252 1708 297 καθεύδουσι

247 316 373 371 μήπω
410 318 638 374 γεγονότων
679 318 819 380 ἀληθῆ
859 316 1064 376 παρεῖχον
1106 318 1181 375 τὴν
1213 319 1464 380 πρόγνωσινῆ
1519 321 1619 378 περὶ
1646 324 1708 364 ’ων

251 381 502 440 ἀμφοτέρων
542 383 565 426 ὅ
595 384 838 441 σοφώτατος
880 385 1051 442 ἀπορῶν
1091 387 1289 442 θεολόγος
1317 387 1357 429 Γ
1359 385 1553 444 ρηγόριος
1582 386 1706 437 αὐτὸς

246 449 325 501 μὲν
355 447 558 505 ὁμολογεῖ
578 449 637 505 μη
669 450 837 502 εἰδέναι,
868 452 1024 493 εἰδέναι
1056 452 1101 494 δὲ
1129 450 1200 494 τὸν
1220 454 1303 494 τῶν
1331 454 1562 509 προφητῶν
1590 452 1708 503 θεόν,1

223 512 573 571 μεὶτεζφαντασία
601 533 663 566 τις
690 514 741 572 ἦν
763 516 953 575 ἦμερινή,
985 517 1065 561 εἴτε
1092 518 1240 569 νυκτὸς
1260 518 1450 574 ἀψευδὴς
1479 516 1591 573 ὅψίς,
1621 517 1737 567 εἴτεᾰ

244 582 318 620 τοῦ
350 580 599 636 ἡγεμονικοῦ
628 584 814 633 τύπωσις
846 585 1120 666 συγγινομένη
1159 592 1246 636 τοῖς
1272 587 1501 641 μέλλουσιν
1529 583 1586 636 ὥς
1618 602 1703 627 πα-·

245 648 387 702 ροῦσι·
447 648 553 704 πλὴν
581 649 719 699 οὐδεὶς
749 652 854 692 θεοῦ
884 651 1010 707 φύσιν
1040 647 1145 703 εἶδε,
1179 653 1334 709 φησίν,
1364 649 1391 707 ἢ
1416 652 1703 708 ἐξηγόρευσενε

246 707 307 762 οἷς
343 714 482 756 τοίνυν
524 714 577 757 τὰ
616 718 698 758 τῶν
729 718 879 759 κοινῶν
907 718 1075 759 ἐννοιῶν
1109 719 1182 772 τῆς
1219 720 1292 760 τοῦ
1334 719 1439 759 θεοῦ
1479 718 1701 774 ἐκκλησίας

73 784 228 821 22:38³.
245 780 427 835 πέπηγεν
474 780 650 825 ἄσειστα
695 782 802 826 κατὰ
846 784 1013 840 γνώμην
1057 780 1247 827 εστῶσαν
1280 802 1351 827 και
1396 785 1703 841 ἄναμφίβολον,

243 847 403 896 τούτοις
443 850 516 891 καί
557 850 729 906 σφόδρα
757 868 797 892 τι
842 850 986 908 ῥᾴδιον
1035 851 1215 907 ἀόρατον
1251 852 1324 894 καί
1349 851 1480 907 μόνην
1511 847 1762 898 ἄκτιστονω

246 914 509 968 δογματίζειν
538 917 612 957 τοῦ
642 918 745 958 θεοῦ
784 916 857 971 την
900 917 1047 960 οὐσίαν
1090 919 1163 960 καί
1191 918 1333 975 γνώμῃ
1372 917 1446 960 καὶ
1472 917 1600 974 ψυχῇ
1627 916 1702 959 καί-

239 979 358 1035 χειρὶ
383 981 542 1039 νύκτωρ
572 999 616 1033 τ,ε
647 983 721 1025 καί
751 986 853 1037 μεθ’
885 982 1048 1041 ἡμέραν
1070 985 1147 1035 ἀεί,
1178 986 1251 1027 καί
1273 985 1407 1027 πάντα
1435 985 1567 1032 ταῦτα
1595 981 1701 1039 πρὸς

154 1048 397 1095 ιςκανόνα
429 1049 503 1091 καί
530 1050 724 1105 στάθμην
769 1050 936 1106 ἀνάγειν
978 1052 1076 1093 ἐκεῖ.
1143 1053 1181 1093 εἰ
1210 1051 1290 1108 γὰρ
1320 1052 1394 1094 καί
1424 1051 1595 1105 Μωσῆς
1623 1047 1697 1104 τὴν

242 1113 422 1169 ἀόρατον
448 1114 596 1158 οὐσίαν
626 1115 732 1172 ὁρᾶν
762 1117 934 1159 ἐδύνατο
966 1119 1040 1160 τοῦ
1057 1120 1172 1169 θεοῦ,
1205 1118 1278 1159 οὐκ
1300 1117 1350 1160 ἂν
1381 1116 1523 1173 ἁπάσῃ
1554 1115 1696 1172 γνώμῃ

240 1180 313 1222 καί
342 1178 441 1236 ὅλης
470 1184 616 1237 ψυχῆς
644 1184 865 1242 προθυμίᾳ
910 1183 1041 1234 οὕτως
1073 1181 1163 1241 ᾔτει
1195 1185 1388 1239 δεόμενος
1424 1182 1599 1239 ὕστερον
1627 1182 1700 1225 καί
1712 1198 1758 1234 15

241 1246 371 1301 λέγων
398 1245 465 1288 αεἰ
498 1246 654 1304 εὕρηκα
688 1249 819 1305 χάριν
862 1250 1047 1292 ἐναντίον
1086 1267 1162 1292 σου
1205 1252 1333 1307 κύριε,
1365 1247 1599 1306 ἐμφάνισόν
1623 1264 1701 1303 μοι

240 1312 418 1355 σεαυτὸν
448 1317 644 1370 γνωστῶς
689 1315 767 1358 ἴδω
801 1332 861 1367 σε,
892 1314 1006 1366 ὅπως
1040 1314 1089 1358 ἂν
1128 1313 1163 1359 ὦ
1196 1315 1383 1374 εὖρηκώς
1417 1316 1548 1372 χάριν
1577 1316 1698 1358 ἐναν-

238 1379 326 1421 τίον
358 1379 481 1430 σου,”
535 1381 607 1423 καί
637 1382 762 1424 πάλιν
788 1380 953 1433 “ὸ“εἴξο’ν
978 1399 1052 1437 μοι
1081 1383 1155 1438 τὴν
1194 1383 1374 1426 σεαυτοῦ
1403 1381 1565 1433 &iiiam-’²
1624 1382 1700 1436 δῆ-

240 1448 312 1487 λον
339 1445 420 1502 γὰρ
451 1445 508 1496 ὥς
543 1451 792 1502 σωματικῶς
832 1450 1001 1503 βλέπων
1030 1450 1232 1504 ἐπεθύμει
1272 1449 1345 1492 καὶ
1371 1451 1446 1504 τῆς
1475 1450 1597 1500 θείας
1627 1448 1699 1490 οὖ-

240 1512 335 1562 σιάς
366 1512 520 1568 θεατὴς
547 1515 760 1570 γενέσθαι.
831 1514 877 1558 τὸ
926 1517 971 1558 δὲ
1007 1514 1058 1571 ἦν
1088 1517 1315 1559 ἀδύνατον·
1390 1515 1758 1572 οἷπερίγραπτοςω

238 1579 311 1620 καί
343 1575 527 1630 ἅνείδεος
573 1578 596 1622 ὅ
627 1581 748 1631 θεός·
818 1580 891 1624 ατὸ
924 1583 1153 1639 πρόσωπόν
1178 1582 1287 1637 μου”
1315 1582 1394 1638 γάρ
1440 1596 1569 1638 φησιν
1595 1578 1697 1622 “min

239 1644 484 1701 ὀφθήσεταί
509 1663 599 1689 σοι·
632 1647 769 1698 οὐδεὶς
799 1648 904 1706 yoip‘²
937 1665 1066 1706 φησιν
1091 1645 1274 1704 “ὖ’ψεται
1299 1647 1346 1691 τὸ
1371 1647 1598 1705 πρόσωπόν
1611 1663 1697 1702 μου

332 1783 363 1819 1.
389 1786 432 1822 ἐκ
458 1785 525 1822 τοῦ
547 1789 633 1833 περὶ
657 1788 860 1836 θεολογίας
885 1787 1060 1836 δευτέρου
1085 1787 1214 1835 λόγου.

237 1917 338 1951 cuius
364 1917 416 1951 rei
445 1918 611 1962 permulti
638 1918 701 1953 alii
727 1924 836 1953 testes
863 1924 944 1953 sunt
968 1919 1176 1963 incorrupti,
1203 1918 1263 1952 sed
1291 1919 1394 1952 etiam
1420 1916 1546 1952 Daniel
1573 1922 1609 1952 et
1631 1917 1692 1952 Io-

235 1965 336 2008 seph,
364 1965 490 2010 quibus
514 1971 709 2000 nocturnae
742 1967 900 2000 visiones
934 1967 969 1999 in
995 1968 1126 2001 somnis
1165 1976 1282 2000 earum
1308 1975 1423 1999 rerum
1463 1975 1553 2009 qnae
1579 1964 1697 1999 factae

234 2022 305 2045 non
334 2018 445 2055 erant,
474 2023 592 2047 veram
619 2015 945 2057 praecognitionem
962 2014 1188 2057 praebebant.
1238 2013 1281 2046 de
1306 2018 1457 2057 utroque
1474 2012 1614 2055 sapiens
1629 2011 1693 2046 ille

235 2059 427 2104 theologus
453 2061 628 2104 Gregoras
656 2061 834 2094 haesitans
860 2061 937 2104 ipse
974 2062 1159 2105 quicquam
1184 2060 1277 2093 scire
1302 2070 1341 2092 se
1365 2064 1485 2103 negat,
1508 2059 1601 2092 scire
1625 2069 1692 2092 nu-

234 2111 304 2139 tem
330 2106 581 2150 prophetarum
607 2108 708 2141 deum
735 2108 812 2142 sive
840 2108 1023 2151 phantasia
1049 2114 1102 2141 est
1133 2109 1256 2141 diurna
1292 2107 1370 2140 sive
1399 2111 1571 2139 nocturna
1604 2115 1691 2140 vera

233 2154 338 2196 visio,
366 2154 443 2188 sive
469 2155 616 2188 rationis
643 2155 785 2199 effigies
815 2155 1152 2199 praecognoscentis
1179 2155 1294 2187 futura
1329 2159 1492 2197 tanquam
1519 2162 1691 2195 praesen-

232 2201 293 2234 tia.
345 2205 500 2234 ceterum
531 2211 634 2235 nemo
667 2202 723 2235 dei
749 2207 907 2235 naturam
934 2203 1023 2236 vidit
1050 2207 1109 2235 aut
1134 2201 1314 2245 professus
1348 2205 1413 2233 est.
1465 2199 1592 2244 quibus
1617 2199 1691 2253 igi..

232 2252 288 2280 tur
322 2247 464 2282 divinae
500 2248 678 2282 ecclesiae
717 2239 918 2282 commu⁴nes
959 2250 1158 2282 sententiae
1198 2258 1276 2281 cum
1311 2247 1410 2281 firma
1442 2252 1478 2280 et
1513 2245 1690 2280 constanti

231 2300 348 2328 mente
373 2300 543 2351 acceptae
568 2300 662 2337 sunt,
688 2296 732 2329 iis
760 2297 863 2330 etiam
890 2295 1063 2339 perfacile
1090 2301 1142 2329 est
1162 2295 1218 2328 dei
1247 2294 1433 2327 essentiam
1460 2298 1498 2326 ut
1522 2292 1694 2328 invisibi-

233 2340 301 2374 lem
332 2346 367 2375 et
391 2341 504 2376 solam
531 2343 722 2376 increatam
754 2342 970 2387 pervulgare
1010 2348 1045 2376 et
1080 2343 1194 2376 animo
1232 2346 1266 2374 et
1290 2340 1412 2384 lingua
1447 2345 1481 2373 et
1510 2345 1628 2374 mente
1654 2344 1690 2372 et

230 2399 334 2422 manu
360 2389 420 2422 diu
445 2394 638 2434 noctuque.
665 2400 755 2434 quae
782 2390 898 2423 omnia
927 2391 969 2424 ad
1003 2399 1159 2423 normam
1185 2393 1220 2422 et
1242 2386 1401 2433 regulam
1435 2387 1561 2420 deduci
1588 2386 1686 2420 licet.

230 2435 259 2468 si
287 2436 378 2469 enim
405 2437 483 2480 ipse
507 2437 622 2471 Moses
648 2437 866 2470 invisibilem
892 2437 949 2471 dei
977 2438 1163 2470 essentiam
1189 2436 1311 2469 videre
1339 2439 1499 2489 poterat,
1514 2444 1584 2467 non
1594 2426 1689 2466 tota

229 2489 347 2515 mente
374 2487 410 2517 et
437 2484 531 2516 omni
568 2483 673 2516 animi
710 2484 909 2518 intentione
942 2489 1065 2527 postea
1101 2487 1283 2527 rogasset·
1326 2482 1456 2514 utinam
1490 2481 1688 2514 invenirem

228 2530 377 2573 gratiam
404 2531 495 2573 apud
521 2535 556 2563 te
581 2531 742 2572 domine,
782 2531 929 2564 ostende
955 2536 990 2564 te
1012 2530 1115 2571 mihi,
1145 2528 1392 2572 cognoscendo
1421 2533 1456 2561 te
1482 2527 1694 2571 percipiam,

228 2581 266 2609 ut
293 2576 470 2610 inveniam
491 2577 637 2621 gratiam
665 2578 756 2621 apud
781 2583 817 2611 te
836 2577 988 2611 domine.
1017 2583 1052 2611 et
1083 2586 1223 2610 rursus.
1252 2575 1398 2609 ostende
1426 2575 1510 2608 mihi
1536 2574 1686 2618 gloriam

229 2627 337 2656 tuam.
387 2629 548 2667 apertum
574 2629 628 2657 est
653 2625 744 2657 enim
778 2625 1012 2668 corporaliter
1045 2634 1148 2668 quum
1176 2623 1341 2662 vidisset,
1371 2626 1513 2665 optasse
1540 2631 1618 2654 eum
1646 2625 1686 2654 ut

227 2669 386 2704 divinam
414 2671 600 2704 essentiam
628 2677 874 2715 cognosceret.
904 2672 970 2704 hoc
998 2680 1083 2705 vero
1110 2671 1185 2704 fieri
1212 2679 1283 2703 non
1309 2674 1466 2714 poterat;
1491 2678 1562 2702 non
1586 2667 1684 2713 enim

227 2716 342 2754 forma
368 2722 427 2752 aut
452 2718 605 2764 imagine
632 2719 776 2765 quadam
802 2718 1044 2755 circumscribi
1074 2718 1159 2753 deus
1188 2722 1317 2765 potest.
1352 2716 1462 2752 facies
1490 2715 1580 2754 enim
1606 2724 1684 2757 mea
