1786 3138
1455 0 1469 6 ’
1487 0 1604 30 zue-mv·
1628 0 1643 6 ·-

1573 31 1587 40 f

247 120 348 182 494
436 121 455 171 't'
603 122 607 124 ’
640 121 947 183 ‘memnoni
988 138 1292 184 enacmin:

246 255 755 310 πολυθεῖαςΠαλαμικῆς
784 257 842 305 εἷς
874 255 1302 312 ἀθεΐανΠαλαμικὴν
1329 255 1357 312 ἧ
1375 247 1568 309 ἆνούσιος
1595 258 1699 316 αὕτη

245 324 319 367 καὶ
364 321 648 372 ἀνυπόστατος
686 323 761 364 νέα
793 322 868 364 τοῦ
895 324 1095 378 Παλαμᾶ
1129 323 1279 379 θεότης
1316 325 1376 375 εἷς
1419 315 1572 368 roro&
1594 328 1697 369 Πα-

244 393 362 445 λαμᾶ
389 387 613 446 βάραθρον
649 387 745 438 τοὺς
777 387 1093 445 ἁπλουστέρους
1130 388 1364 446 ἐφέλκεται.
1429 391 1503 435 καί
1523 383 1602 436 ’ἵνα
1627 409 1696 437 τε-
1744 412 1747 415 ·

242 457 451 513 λειοτέραν
479 456 541 499 ἔτι
568 455 641 510 τὴν
671 456 771 511 περὶ
809 457 884 498 τοῦ
914 455 1054 513 φωτὸς
1095 457 1253 500 ἐκείνου
1285 459 1564 503 διδασκαλίαν
1602 461 1695 502 ἐπι-

241 525 373 580 γνῷς,
407 521 572 564 ἀκούετε
599 523 674 564 τοῦ
711 522 1076 578 Χρυσορρήμονος
1106 519 1233 573 αὖθις
1264 523 1476 568 Ἰωάννου.
1539 527 1585 570 ἐν
1611 526 1728 583 ydor>

239 591 300 646 τῷ
336 586 442 630 κατὰ
495 587 568 643 τὴν
614 589 689 629 τοῦ
733 590 923 644 σωτῆρος
965 588 1176 644 ἀνάληψιν
1213 590 1320 647 λόγῳ
1363 590 1464 634 τάδε
1509 591 1693 644 διέξεισι.

236 653 436 710 “auam'‘
468 655 575 712 φησί
597 653 709 704 “wag
741 654 990 704 ἀποστόλοις
1018 655 1091 697 καί
1119 656 1315 707 ἐκστασις
1340 653 1692 716 καίἶθροῦςιέγέ-

238 735 342 764 νετο.
406 721 554 777 θνητοὶ
599 719 680 776 γὰρ
713 720 786 776 τὴν
816 720 943 777 φύσιν
973 718 1111 772 ὄντες,
1144 722 1216 765 καί
1245 722 1471 779 ἀσυνήθεις
1495 725 1694 768 τοιούτων

238 789 445 843 θεωριῶν,
480 787 706 843 ἐξέστησαν
733 790 786 844 τῇ
818 790 996 846 διανοίᾳ.
1074 787 1162 830 ἀλλ’
1194 789 1289 843 ἐρεῖ
1309 806 1373 840 τις
1400 789 1465 833 ὅτι
1493 792 1691 847 προϊδόν-

237 868 303 904 τες
329 851 439 909 ἧσαν
482 854 556 896 καὶ
589 853 662 909 τὴν
691 855 1026 912 μεταμόρφωσιν
1056 853 1080 897 ὅ
1119 872 1163 898 τε
1193 857 1363 912 Πέτρος
1397 857 1477 899 καὶ
1493 851 1692 913 Ἰάκωβος
1706 872 1751 909 10

238 918 311 963 καί
335 921 541 976 Ἰωάννης.
599 923 796 977 προεΐδον
825 922 903 976 μὲν
931 923 1022 963 ἐκεῖ
1042 922 1436 979 μεταμορφωθέντα
1454 922 1526 967 τὸν
1549 925 1693 982 κύριον

238 987 311 1030 καί
337 988 516 1045 νεφέλην
545 988 783 1030 σκιάσασαν
813 987 958 1030 αὐτόν·
1030 989 1118 1030 ἀλλ’
1162 988 1235 1030 οὐκ
1267 985 1378 1031 εἶδον
1415 988 1490 1045 τήν
1513 990 1693 1048 νεφέλην

240 1055 298 1105 εἷς
330 1055 435 1110 ἀέρα
467 1054 764 1110 ἁρπασθεῖσαν
807 1055 881 1097 καί
910 1057 969 1104 εἷς
996 1054 1199 1111 οὐρανοὺς
1238 1055 1309 1098 τὸν
1352 1057 1556 1113 δεσπότην
1589 1057 1691 1100 ἂνα-

152 1126 222 1160 88
239 1122 552 1176 λαμβάνουσαν.
578 1138 583 1155 ⁸
610 1122 759 1175 θαῦμα
782 1122 928 1172 ἐκεῖνο,
960 1123 1108 1176 θαῦμα
1134 1123 1208 1164 καί
1233 1125 1374 1165 τοῦτο·
1407 1122 1515 1165 ἀλλὰ
1543 1126 1692 1179 θαῦμα

238 1188 455 1243 θαύματος
501 1187 809 1245 φοβερώτερον,
839 1189 957 1231 τοῦτο
998 1189 1157 1231 ἐκείνου
1191 1188 1464 1247 ὑψηλότερον,
1494 1189 1573 1232 κᾶν
1601 1186 1691 1242 ἑνὸς
1705 1207 1748 1243 15

235 1254 340 1299 θεοῦ
366 1254 392 1310 ἦ
426 1256 601 1309 δύναμις
629 1254 702 1297 καί
729 1253 775 1296 τὸ
805 1255 1037 1310 μυστήριον
1066 1253 1245 1310 ὑπῆρχε.
1300 1257 1391 1299 τότε
1411 1258 1583 1313 Μωσῆς
1610 1257 1683 1300 καὶ

229 1320 379 1372 εΗλιίιις
411 1319 622 1378 ὤφθησαν
640 1325 727 1371 τοῖς
746 1321 844 1377 περὶ
870 1320 941 1363 τὸν
955 1321 1128 1378 Πέτρον
1155 1326 1243 1376 μετ’
1275 1323 1404 1365 αὐτοῦ
1430 1326 1690 1366 συλλαλοῦν-

232 1403 320 1439 τες·
377 1389 449 1430 νῦν
482 1389 526 1430 δὲ
555 1388 708 1444 θρόνος
740 1387 1017 1444 Χερουβικός,
1049 1388 1261 1431 τουτέστιν
1303 1389 1483 1446 ἀόρατος
1514 1390 1690 1445 δύναμις

231 1455 285 1511 τῇ
311 1454 465 1511 νεφέλῃ
497 1453 802 1509 καλυπτομένη,
836 1453 994 1510 ἀθρόον
1034 1456 1243 1497 ἐπιστᾶσα
1273 1456 1343 1498 τὸν
1375 1457 1578 1512 δεσπότην
1602 1461 1690 1507 τοῖς

236 1522 399 1571 δούλοις
430 1519 655 1575 ὁμιλοῦντα
692 1520 933 1576 άφήρπασε.
990 1521 1082 1564 τότε
1111 1521 1281 1577 Πέτρος
1307 1521 1414 1577 μετὰ
1440 1523 1746 1579 ’παρρησιάςρο

236 1586 487 1643 ἀπεκρίνατο
512 1585 666 1642 εκύριε,
695 1587 821 1628 καλόν
851 1587 963 1628 ἐστιν
993 1586 1106 1642 ἡμᾶς
1144 1583 1226 1630 ὧδε
1258 1584 1387 1630 εἶναι·
1447 1589 1688 1644 ποιήσωμεν

231 1659 343 1710 τρεῖς
359 1654 523 1709 σκηνάς,
550 1654 620 1695 σοι’
646 1652 751 1708 μίαν
770 1653 843 1695 καί
862 1655 1028 1695 Μωσεῖ
1050 1654 1154 1708 μίαν
1183 1654 1256 1696 καί
1282 1655 1386 1709 μίαν
1410 1647 1686 1714 (Ηλίᾳῖνυνί

232 1718 269 1763 δ’
313 1719 411 1762 οὐδὲ
455 1718 732 1777 φθέγξασθαί
773 1736 835 1770 τις
879 1721 1065 1776 ἐδυνήθη
1105 1723 1189 1763 τῶν
1237 1724 1465 1779 μαθητῶν,
1510 1722 1608 1765 οὐδὲ
1635 1720 1681 1764 τὸ

229 1961 264 1996 in
294 1959 504 1995 atheismum
534 1960 746 1995 Palamicum
774 1961 863 1995 haec
888 1960 1129 1995 inessentialis
1154 1965 1188 1994 et
1211 1959 1490 1994 insubstantialis
1502 1970 1596 1994 nova
1612 1959 1682 1994 Pa..

229 2009 343 2043 lamae
369 2010 480 2043 deitas
507 2010 541 2042 in
572 2008 733 2042 Palamae
758 2010 937 2042 interitum
952 2008 1131 2052 simphces
1146 2009 1264 2042 trahit.
1314 2013 1418 2052 atque
1432 2013 1469 2041 ut
1486 2008 1682 2051 perfectio..

228 2067 301 2090 rcm
329 2057 372 2090 de
397 2056 479 2090 luce
504 2056 567 2089 illa
596 2057 790 2089 doctrinam
809 2056 978 2097 habeatis,
1005 2056 1122 2089 audite
1148 2056 1262 2088 denuo
1281 2055 1446 2088 Ioannem
1464 2056 1681 2098 chrysosto-

227 2114 331 2137 mum.
382 2104 418 2137 in
445 2104 605 2137 oratione
633 2105 723 2137 enim
751 2105 786 2136 in
812 2103 1000 2137 salvatoris
1026 2104 1322 2136 resurrectionem
1340 2102 1457 2135 habita
1484 2101 1572 2136 haec
1594 2112 1680 2145 pro..

230 2151 322 2184 fert:
352 2152 534 2184 admiratio
560 2152 653 2184 inter
678 2152 859 2194 apostolos
886 2156 921 2183 et
946 2150 1098 2183 turbatio
1130 2155 1164 2182 et
1179 2150 1403 2182 murmuratio
1416 2148 1533 2182 fiebat.
1583 2159 1679 2182 mor..

228 2197 319 2231 tales
347 2199 438 2231 enim
465 2203 587 2231 natura
614 2199 759 2240 assueti,
787 2208 857 2231 non
886 2198 1055 2231 eiusmodi
1072 2197 1268 2230 visionibus
1294 2201 1444 2229 mentem
1461 2196 1677 2230 amittebant.

228 2245 291 2279 sed
317 2246 410 2279 dicet
435 2246 606 2289 quispiam
642 2251 723 2279 ante
761 2246 935 2289 cognitam
972 2244 1136 2277 habuisse
1172 2244 1514 2288 transfigurationem
1550 2248 1585 2276 et
1610 2243 1680 2277 Pe-

228 2298 317 2326 trum
345 2297 379 2326 et
402 2292 565 2326 Iacobum
594 2298 628 2325 et
653 2293 832 2326 loannem.
891 2302 975 2326 sane
1001 2291 1160 2325 sciebant
1186 2292 1412 2325 clarificatum
1441 2290 1616 2324 dominum
1645 2295 1680 2323 et

228 2339 330 2373 nubis
356 2339 476 2373 umbra
503 2341 750 2373 circumdatum
778 2350 844 2372 nec
870 2349 957 2373 vero
987 2338 1146 2372 sciebant
1174 2338 1300 2372 nubem
1323 2338 1359 2370 in
1385 2341 1502 2370 aerem
1532 2342 1678 2381 ereptu-

227 2396 298 2419 ram
329 2388 426 2420 etad
455 2387 593 2420 coelum
622 2388 797 2421 dominum
833 2386 1029 2420 allaturam.
1087 2385 1293 2419 miraculum
1327 2383 1434 2426 illud,
1473 2384 1678 2418 miraculum

226 2433 308 2467 hoc.
358 2433 421 2467 illo
449 2434 620 2467 miraculo
647 2434 840 2467 terribilius
868 2434 935 2467 hoc
965 2439 999 2467 et
1025 2434 1200 2476 superius,
1227 2433 1291 2465 etsi
1317 2433 1421 2464 unius
1447 2431 1503 2464 dei
1519 2431 1678 2475 potentia

229 2485 263 2513 ct
286 2482 492 2524 mysterium
521 2481 674 2514 suberat.
726 2486 797 2514 tum
822 2482 937 2515 Moses
962 2486 997 2514 et
1012 2480 1109 2514 Elias
1136 2478 1319 2522 conspecti
1344 2483 1424 2511 sunt
1455 2478 1498 2511 ab
1524 2479 1589 2519 eis,
1615 2478 1678 2521 qui

227 2537 304 2560 cum
332 2528 435 2562 Petro
461 2534 562 2562 crant
587 2528 834 2572 colloquentes
866 2539 943 2561 cum
974 2537 1016 2560 eo
1085 2537 1179 2560 nunc
1209 2531 1324 2559 autem
1362 2525 1509 2558 thronus
1545 2525 1677 2558 cheru-

224 2573 325 2607 bicus
348 2576 372 2608 i.
401 2585 431 2609 e.
460 2576 652 2609 invisibilis
680 2576 838 2619 potentia
862 2575 955 2608 nube
982 2574 1151 2607 obvoluta
1178 2574 1290 2616 spissa
1315 2574 1467 2605 accessit
1503 2577 1538 2605 et
1563 2572 1678 2605 domi..
1767 2571 1786 2610 χῖ

223 2631 305 2654 num
333 2632 410 2655 cum
435 2623 549 2656 servis
576 2623 838 2666 colloquentem
859 2622 1019 2665 arripuit.
1052 2627 1121 2654 tum
1135 2621 1257 2654 Petrus
1283 2620 1398 2653 libero
1425 2629 1498 2659 ore,
1523 2619 1676 2660 domine,
1774 2596 1786 2651 ‘l

223 2668 351 2713 inquit,
377 2669 526 2714 pulchre
553 2669 603 2703 ibi
632 2670 818 2703 habitatur.
867 2674 941 2703 tres
967 2678 1092 2703 scenas
1118 2666 1299 2709 faciamus,
1325 2667 1403 2709 tibi,
1427 2666 1528 2708 mosi,
1553 2666 1677 2708 Eliae;
1727 2687 1731 2692 -
1774 2660 1786 2708 ἦ
