1826 3120
270 188 336 240 90·
420 184 429 189 ‘
670 192 968 238 Nicm‘nom
1011 191 1315 235 eni-:Gonane

271 296 303 360 ᾧ
333 301 392 357 μὴ
426 302 717 356 προσεγεγόνει
756 301 900 354 κέρδος
931 297 1068 341 οἴκαδ’
1115 298 1346 353 ἐπανιόντι,
1375 299 1461 340 τῶν
1489 299 1728 342 θαλαττίων
1777 305 1787 313 ‘

272 367 472 422 κυμάτων
501 369 542 416 ἐς
570 369 645 421 γῆν
687 362 798 407 ὅπλα
829 368 902 407 καί
931 367 1032 419 βέλη
1061 363 1309 406 παντοδαπὰ
1347 366 1421 406 καί
1447 365 1630 414 α’σπίδας
1656 367 1730 407 καί

272 433 416 489 κράνη,
444 433 516 475 καί
544 432 617 481 τὰς
644 429 976 484 κενεμβατοὺσας
1001 432 1045 471 ἐν
1074 432 1128 487 τῷ
1156 429 1327 483 πελάγει
1358 429 1553 491 τριήρεις
1572 431 1727 484 α’ναμίξ
1782 484 1785 490 Ι

270 498 476 554 ἑκατέρων
507 502 590 541 τῶν
614 495 955 552 στρατευμάτων,
985 496 1169 550 ἐρήμους
1199 498 1277 549 μὲν
1300 497 1567 540 παντάπασιν
1585 491 1727 550 ,οὔσας

270 562 502 620 ναυμάχων
533 567 697 619 α’νδροόν
736 564 808 606 καί
838 563 977 619 κώπης
1007 562 1144 619 πάσης
1172 563 1245 606 καί
1268 565 1435 619 ταρσῶν
1454 595 1467 616 ,
1493 561 1651 616 μεστὰς
1680 566 1760 606 ὁὲ5

267 630 497 688 χρημάτων
534 633 774 673 πολυτελῶν
812 631 885 672 καί
915 634 1071 687 νεκρῶν
1099 633 1315 679 πλουσίοις
1357 632 1728 687 συμπεφυρμὲιων

273 699 440 751 αἵμασι.

180 775 254 809 3-1
401 762 527 807 Meto}
556 767 699 818 μέντοι
728 764 803 819 τὴν
849 767 1093 819 ναυμαχίαν
1119 766 1279 820 ἐκείνην
1312 763 1438 806 νόσου
1467 764 1605 818 κοινῆς
1635 765 1730 805 δια-

269 833 520 886 νεμηθείσης
539 829 584 872 τὸ
607 836 797 873 πλεῖστον
821 834 894 886 τῆς
914 834 1114 886 ναυτικῆς
1143 828 1341 886 ἑκατέρας
1362 829 1594 884 δυνάμεως,
1622 831 1731 873 dno-

272 898 467 952 θνὴσκειν
508 897 626 955 ἐπῄει
659 897 775 951 μάλα
819 897 1002 951 συχνούς
1025 896 1325 954 ἑκατέρωθεν,
1369 897 1427 946 ὦς
1456 899 1517 946 εἰς
1547 897 1728 952 ἀνάγκην
1744 898 1786 936 10

267 965 377 1006 ἰέναι
404 963 722 1016 βουλεύσασθαι
738 963 959 1018 ἑκατέρους
989 964 1018 1007 οἳ
1049 963 1185 1007 ἐδόκει
1212 965 1477 1006 λυσιτελεῖν.’
1515 962 1650 1006 ἐδόκει
1682 965 1728 1006 δὲ

272 1032 500 1080 Βενετικοῑς
528 1033 607 1083 μὲν
634 1029 704 1073 τόν
733 1030 841 1073 ἴδιον
868 1034 1130 1086 μεταστῆσαι
1164 1030 1328 1084 στόλον,
1358 1031 1493 1073 καίτοι
1518 1033 1729 1086 βουλομέ-

268 1112 362 1146 νους
390 1099 479 1139 ἐκεῖ
502 1097 576 1146 τὰς
599 1099 644 1139 ἐκ
676 1096 847 1140 Πόντου
874 1096 1102 1146 κατιούσας
1129 1097 1494 1152 στρογγύλαςκτῶν
1519 1098 1728 1151 πολεμίων

267 1161 448 1213 ὁλκάδας
483 1163 640 1218 αἱρεῖν,
675 1166 725 1207 αἲ
760 1164 1042 1219 παρεκόμιζον
1070 1164 1114 1207 ἔκ
1143 1181 1185 1207 τε
1219 1158 1391 1207 σκυθῶν
1418 1166 1492 1207 καί
1522 1163 1726 1213 Τανάιδος

266 1229 526 1285 τάπιτήδεια.
571 1231 662 1272 ἀλλ’
694 1233 887 1274 α’νθεῖλκε
919 1235 1034 1288 σφᾶς
1064 1231 1112 1274 οὐ
1143 1230 1270 1285 μόνον
1301 1229 1346 1273 τὸ
1377 1229 1474 1280 τούς
1501 1233 1726 1280 νοσοῦντας
1742 1232 1784 1271 15

267 1296 407 1338 αὐτῶν
430 1296 693 1340 ἀνακτᾶσθαι
714 1298 961 1354 βούλεσθαι,
992 1297 1098 1340 α’λλὰ
1118 1300 1190 1341 καί
1207 1299 1291 1340 τῶν
1308 1299 1555 1354 ἐπιτηδειῖιον
1574 1297 1598 1353 ἧ
1615 1298 1728 1340 σπά-

269 1378 329 1409 νις
357 1361 484 1417 πολλῆ
518 1364 591 1405 καί
619 1368 783 1420 ποικίλη
809 1367 906 1407 καθ’
937 1366 1100 1420 ἡμέραν
1126 1363 1304 1421 ἑκάστην
1326 1366 1630 1419 ἀπαιτουμένη.
1658 1362 1723 1406 διὸ

269 1428 471 1478 λύσαντες
501 1430 552 1472 τά
585 1430 829 1487 πρυμνήσια
868 1434 1026 1479 ἐκεῖθεν
1055 1430 1171 1486 παρὰ
1213 1432 1282 1474 τὸν
1310 1431 1508 1474 εἴσπλουν
1537 1433 1613 1473 τοῦ
1643 1432 1727 1472 τοῦν

267 1497 513 1547 Βυζαντίων
546 1500 710 1550 λιμένος
744 1498 921 1554 ἔστησαν
951 1502 1259 1553 καταχθέντες,
1302 1501 1376 1541 τοῦ
1406 1498 1510 1552 πρὸς
1537 1500 1593 1541 ἕω
1626 1499 1727 1551 βλέ-

268 1578 412 1612 ποντος
432 1594 444 1616 ,
474 1563 547 1613 τὰς
575 1566 777 1618 πολεμίας
807 1562 995 1614 ἑστώσας
1033 1566 1234 1618 εὐώνυμα
1266 1568 1368 1615 ναῦς
1397 1564 1727 1620 παραπλεύσαν-
1739 1562 1784 1603 2ῠ

269 1647 333 1679 τες
359 1633 472 1685 παρὰ
507 1630 603 1680 τούς
629 1630 848 1686 αἰγιαλούς
866 1635 938 1688 τῆς
960 1634 1241 1688 χαλκηδονίας
1268 1634 1343 1687 γῆς
1373 1634 1455 1674 τῶν
1481 1628 1726 1687 βαρβάρωνι
1804 1627 1810 1632 ’

267 1697 648 1753 στενοχωρούμενοι
698 1698 780 1754 γὰρ
835 1701 1014 1741 κάκεῖνοι
1064 1701 1114 1756 τῇ
1165 1701 1247 1742 τῶν
1285 1701 1533 1755 ἐπιτηδείων
1573 1698 1728 1752 ὁμοίως

270 1906 420 1948 milites3
446 1907 596 1941 maxima
618 1912 735 1941 autem
760 1918 841 1951 pars
869 1918 912 1941 ex
938 1908 1031 1941 omni
1057 1917 1204 1952 genere
1216 1907 1396 1940 hominum
1425 1912 1460 1941 et
1485 1905 1619 1941 artibus
1644 1915 1726 1941 sor-

270 1949 358 1987 didis
384 1964 526 2009 operam
565 1956 768 1989 navantium
803 1961 838 1988 et
871 1955 977 1989 rebus
1014 1955 1156 1988 rusticis
1182 1955 1398 1988 addictorum
1426 1954 1613 1988 commixta
1638 1959 1725 1987 erat.

271 2011 395 2034 eorum
420 2002 572 2034 omnium
604 2012 707 2036 nemo
745 2009 820 2036 erat
853 2003 937 2047 quin
962 2002 1099 2035 lucrum
1138 2002 1309 2046 quoddam
1345 2007 1380 2034 et
1416 2002 1580 2056 praedam
1605 2010 1724 2035 secum

269 2049 407 2081 domum
433 2049 616 2083 retulisset
640 2049 802 2083 fluctibus
829 2049 971 2085 scilicet
1004 2059 1097 2083 arma
1132 2055 1167 2082 et
1201 2049 1275 2083 tela
1300 2050 1413 2082 omnis
1434 2049 1600 2093 generis,
1629 2053 1728 2082 scuta

270 2095 463 2140 galeasque
482 2107 523 2129 ac
548 2098 709 2131 triremes
742 2098 925 2142 utriusque
953 2097 1129 2130 exercitus
1163 2097 1362 2140 promiscue
1394 2106 1459 2140 per
1482 2105 1579 2129 mare
1613 2096 1727 2128 iacta-

270 2148 323 2175 tas
351 2144 387 2175 in
413 2148 540 2176 terram
567 2145 804 2186 efficientibus,
832 2155 961 2178 vacuas
985 2144 1066 2177 illas
1096 2144 1236 2188 quidem
1262 2143 1432 2177 militibus
1463 2143 1629 2187 omnique
1656 2152 1726 2186 gu-

270 2189 461 2223 bernaculo
500 2192 696 2236 remisque,
730 2197 882 2225 attamen
915 2192 1065 2225 refertas
1096 2191 1201 2225 rebus
1238 2192 1404 2235 pretiosis
1436 2196 1542 2234 atque
1579 2189 1727 2222 mortuis

272 2236 381 2270 multo
407 2239 580 2282 sanguine
608 2240 792 2282 respersis.

407 2302 519 2343 Quum
543 2306 660 2334 autem
685 2307 766 2346 post
789 2302 965 2346 proelium
989 2302 1117 2336 navale
1151 2302 1272 2335 morbo
1297 2311 1360 2345 per
1386 2301 1568 2334 maximam
1593 2304 1728 2344 partem

271 2347 456 2393 utriusque
491 2349 667 2382 exercitus
701 2355 884 2393 grassante
916 2360 1081 2383 numerus
1121 2349 1297 2383 hominum
1331 2348 1423 2381 haud
1448 2348 1596 2392 exiguus
1619 2346 1729 2380 absu-

271 2400 438 2436 meretur,
464 2395 678 2428 necessitate
706 2398 832 2438 coacti,
860 2398 943 2441 quid
978 2397 1065 2431 utile
1093 2396 1186 2430 factu
1212 2396 1406 2436 videretur,
1433 2395 1573 2438 utrique
1599 2394 1635 2427 in
1662 2394 1727 2427 de-

273 2442 519 2476 liberationem
545 2443 731 2476 vocabant.
797 2444 942 2477 Venetis
966 2445 1095 2488 igitur,
1123 2452 1328 2487 quamquam
1365 2441 1413 2474 ibi
1440 2441 1591 2475 hostium
1617 2450 1727 2474 naves

273 2490 453 2522 onerarias
481 2500 559 2522 cum
584 2495 779 2523 commeatu
804 2501 846 2524 ex
861 2490 1001 2534 Scythis
1030 2496 1064 2523 et
1089 2491 1131 2523 ab
1158 2489 1307 2522 'lanaide
1333 2489 1442 2531 petito
1469 2488 1724 2521 descendentes

273 2546 315 2568 ex
338 2535 451 2569 Ponto
481 2537 697 2580 intercipere
726 2538 926 2580 cupiebant,
965 2538 1072 2571 satius
1109 2543 1224 2570 tamen
1250 2537 1364 2569 visum
1391 2540 1455 2575 est,
1483 2534 1631 2568 classem
1655 2533 1726 2566 alio

272 2582 352 2615 loco
382 2583 576 2624 collocare,
603 2585 733 2628 quippe
761 2594 865 2628 quum
890 2595 961 2617 non
989 2584 1103 2618 solum
1138 2583 1339 2616 laborantes
1375 2593 1418 2614 ex
1443 2581 1565 2614 morbo
1591 2581 1636 2615 iis
1661 2591 1727 2613 eu-

273 2630 370 2662 randi
402 2635 532 2671 essent,
559 2631 621 2664 sed
649 2632 753 2664 etiam
780 2642 895 2664 rerum
921 2632 963 2664 ad
989 2633 1119 2664 victum
1139 2629 1417 2664 necessariarum
1444 2629 1593 2672 penuria
1617 2638 1728 2672 urge-

272 2681 404 2729 rentur,
431 2686 575 2720 quarum
599 2688 725 2722 magna
746 2683 851 2722 atque
867 2677 1056 2721 multiplici
1079 2678 1183 2721 copia
1209 2676 1366 2721 quotidie
1391 2685 1479 2719 opus
1507 2680 1592 2708 erat.
1620 2683 1727 2718 quare

276 2723 348 2755 oris
374 2723 501 2757 solutis
529 2724 610 2757 inde
635 2725 678 2757 ad
703 2726 883 2758 introitum
906 2731 1027 2769 portus
1051 2725 1239 2768 Byzantini
1273 2724 1315 2756 ad
1341 2724 1513 2756 orientem
1538 2720 1730 2766 spectantis

275 2769 382 2804 delati
409 2775 500 2813 sunt,
529 2770 678 2806 hostium
705 2782 829 2815 naves,
856 2782 944 2817 quae
970 2772 1111 2807 sinistra
1138 2771 1179 2805 ad
1214 2780 1310 2805 oram
1337 2770 1588 2806 chalcedoniae
1612 2773 1729 2802 terrae
1787 2804 1789 2810 X
