<?xml version="1.0" encoding="UTF-8"?>
<!DOCTYPE html PUBLIC "-//W3C//DTD XHTML 1.0 Transitional//EN"
    "http://www.w3.org/TR/xhtml1/DTD/xhtml1-transitional.dtd">
<html xmlns="http://www.w3.org/1999/xhtml" xml:lang="en" lang="en">
 <head>
  <title>
</title>
<meta http-equiv="Content-Type" content="text/html;charset=utf-8" />
  <meta name='ocr-system' content='tesseract 3.04.00' />
  <meta name='ocr-capabilities' content='ocr_page ocr_carea ocr_par ocr_line ocrx_word'/>
</head>
<body>
  <div class='ocr_page' id='page_1' title='image "./corpusscriptorum40niebuoft_0260.png"; bbox 0 0 1826 3120; ppageno 0'>
   <div class='ocr_carea' id='block_1_1' title="bbox 270 150 1314 236">
    <p class='ocr_par' dir='ltr' id='par_1_1' title="bbox 270 150 1314 236">
     <span class='ocr_line' id='line_1_1' title="bbox 270 150 1314 236; baseline -0.005 -1"><span class='ocrx_word' id='word_1_1' title='bbox 270 183 367 236; x_wconf 71' lang='lat'><strong>248</strong></span> <span class='ocrx_word' id='word_1_2' title='bbox 669 189 964 235; x_wconf 77' lang='lat' dir='ltr'><strong>NicEPuoRi</strong></span> <span class='ocrx_word' id='word_1_3' title='bbox 1009 150 1314 232; x_wconf 42' lang='lat' dir='ltr'><strong>GR—EGORAE</strong></span> 
     </span>
    </p>
   </div>
   <div class='ocr_carea' id='block_1_2' title="bbox 108 297 1789 1828">
    <p class='ocr_par' dir='ltr' id='par_1_2' title="bbox 108 297 1789 1828">
     <span class='ocr_line' id='line_1_2' title="bbox 265 297 1727 357; baseline -0.001 -17"><span class='ocrx_word' id='word_1_4' title='bbox 265 301 466 353; x_wconf 80' lang='grc' dir='ltr'><strong><em>χρίεσθαι</em></strong></span> <span class='ocrx_word' id='word_1_5' title='bbox 481 298 603 357; x_wconf 78' lang='grc' dir='ltr'><strong><em>μύρῳ</em></strong></span> <span class='ocrx_word' id='word_1_6' title='bbox 620 297 875 350; x_wconf 80' lang='grc' dir='ltr'><strong><em>νενόμισται,</em></strong></span> <span class='ocrx_word' id='word_1_7' title='bbox 893 297 1070 348; x_wconf 79' lang='grc' dir='ltr'><strong><em>ἕψουσιν</em></strong></span> <span class='ocrx_word' id='word_1_8' title='bbox 1092 297 1135 338; x_wconf 81' lang='grc' dir='ltr'><strong>ἐν</strong></span> <span class='ocrx_word' id='word_1_9' title='bbox 1157 301 1500 351; x_wconf 83' lang='grc' dir='ltr'><strong><em>πενταετηρικαῖς</em></strong></span> <span class='ocrx_word' id='word_1_10' title='bbox 1514 297 1727 350; x_wconf 77' lang='grc' dir='ltr'><strong><em>περιόδοις</em></strong></span> 
     </span>
     <span class='ocr_line' id='line_1_3' title="bbox 267 358 1725 421; baseline 0.001 -17"><span class='ocrx_word' id='word_1_11' title='bbox 267 362 294 419; x_wconf 78' lang='grc' dir='ltr'><em>ἢ</em></span> <span class='ocrx_word' id='word_1_12' title='bbox 322 367 393 405; x_wconf 74' lang='grc' dir='ltr'><strong><em>καί</em></strong></span> <span class='ocrx_word' id='word_1_13' title='bbox 420 366 603 406; x_wconf 76' lang='grc' dir='ltr'><strong><em>πλείοσιν</em></strong></span> <span class='ocrx_word' id='word_1_14' title='bbox 627 362 728 412; x_wconf 86' lang='grc' dir='ltr'><strong><em>ἴσως</em></strong></span> <span class='ocrx_word' id='word_1_15' title='bbox 761 364 834 404; x_wconf 83' lang='grc' dir='ltr'><em>καί</em></span> <span class='ocrx_word' id='word_1_16' title='bbox 861 358 1028 421; x_wconf 75' lang='grc' dir='ltr'><strong><em>ἥττοσιν</em></strong></span> <span class='ocrx_word' id='word_1_17' title='bbox 1063 363 1194 405; x_wconf 81' lang='grc' dir='ltr'><strong><em>ἐνίοτε</em></strong></span> <span class='ocrx_word' id='word_1_18' title='bbox 1222 361 1328 404; x_wconf 74' lang='grc' dir='ltr'><strong><em>κατὰ</em></strong></span> <span class='ocrx_word' id='word_1_19' title='bbox 1361 360 1438 417; x_wconf 77' lang='grc' dir='ltr'><strong>τὴν</strong></span> <span class='ocrx_word' id='word_1_20' title='bbox 1468 365 1551 405; x_wconf 79' lang='grc' dir='ltr'><strong>τῶν</strong></span> <span class='ocrx_word' id='word_1_21' title='bbox 1585 359 1725 406; x_wconf 72' lang='grc' dir='ltr'><strong><em>ἄλλοτ’</em></strong></span> 
     </span>
     <span class='ocr_line' id='line_1_4' title="bbox 266 424 1728 486; baseline 0 -15"><span class='ocrx_word' id='word_1_22' title='bbox 266 424 403 472; x_wconf 66' lang='grc' dir='ltr'><strong><em>ἄλλων</em></strong></span> <span class='ocrx_word' id='word_1_23' title='bbox 433 429 636 484; x_wconf 82' lang='grc' dir='ltr'><strong><em>βούλησιν</em></strong></span> <span class='ocrx_word' id='word_1_24' title='bbox 674 429 748 470; x_wconf 80' lang='grc' dir='ltr'>καί</span> <span class='ocrx_word' id='word_1_25' title='bbox 787 428 936 482; x_wconf 79' lang='grc' dir='ltr'><strong><em>χρείαν</em></strong></span> <span class='ocrx_word' id='word_1_26' title='bbox 977 428 1289 483; x_wconf 80' lang='grc' dir='ltr'><strong><em>πατριαρχῶν,-</em></strong></span> <span class='ocrx_word' id='word_1_27' title='bbox 1323 429 1367 470; x_wconf 82' lang='grc' dir='ltr'><strong>ἐν</strong></span> <span class='ocrx_word' id='word_1_28' title='bbox 1413 425 1548 486; x_wconf 69' lang='grc' dir='ltr'><strong><em>τούτῳ</em></strong></span> <span class='ocrx_word' id='word_1_29' title='bbox 1579 427 1728 484; x_wconf 76' lang='grc' dir='ltr'><strong><em>φυγών</em></strong></span> 
     </span>
     <span class='ocr_line' id='line_1_5' title="bbox 108 492 1727 550; baseline 0 -12"><span class='ocrx_word' id='word_1_30' title='bbox 108 493 497 550; x_wconf 68' lang='grc' dir='ltr'><strong><em>1-126ῐ-ὖπίιτρομος</em></strong></span> <span class='ocrx_word' id='word_1_31' title='bbox 527 499 599 537; x_wconf 87' lang='grc' dir='ltr'><strong><em>καί</em></strong></span> <span class='ocrx_word' id='word_1_32' title='bbox 625 494 822 549; x_wconf 66' lang='grc' dir='ltr'><strong><em>περιδεὴς</em></strong></span> <span class='ocrx_word' id='word_1_33' title='bbox 852 495 872 536; x_wconf 84' lang='grc' dir='ltr'>ὁ</span> <span class='ocrx_word' id='word_1_34' title='bbox 905 498 1010 548; x_wconf 78' lang='grc' dir='ltr'><strong><em>χθὲς</em></strong></span> <span class='ocrx_word' id='word_1_35' title='bbox 1043 494 1221 549; x_wconf 80' lang='grc' dir='ltr'><strong><em>διώκτης</em></strong></span> <span class='ocrx_word' id='word_1_36' title='bbox 1260 492 1427 549; x_wconf 73' lang='grc' dir='ltr'><strong><em>θρασύς</em></strong></span> <span class='ocrx_word' id='word_1_37' title='bbox 1457 495 1527 536; x_wconf 69' lang='grc' dir='ltr'><strong>ἐπὶ</strong></span> <span class='ocrx_word' id='word_1_38' title='bbox 1557 499 1727 545; x_wconf 81' lang='grc' dir='ltr'><strong><em>πολλαῖς</em></strong></span> 
     </span>
     <span class='ocr_line' id='line_1_6' title="bbox 269 560 1762 618; baseline 0.001 -14"><span class='ocrx_word' id='word_1_39' title='bbox 269 561 494 617; x_wconf 75' lang='grc' dir='ltr'><strong><em>ἐκρύπτετο</em></strong></span> <span class='ocrx_word' id='word_1_40' title='bbox 524 569 615 612; x_wconf 80' lang='grc' dir='ltr'><strong><em>ταῖς</em></strong></span> <span class='ocrx_word' id='word_1_41' title='bbox 646 562 851 618; x_wconf 80' lang='grc' dir='ltr'><strong><em>ἡμέραις,</em></strong></span> <span class='ocrx_word' id='word_1_42' title='bbox 882 562 1165 618; x_wconf 80' lang='grc' dir='ltr'><strong><em>ἢχρειωμένος</em></strong></span> <span class='ocrx_word' id='word_1_43' title='bbox 1208 563 1280 604; x_wconf 81' lang='grc' dir='ltr'><em>καί</em></span> <span class='ocrx_word' id='word_1_44' title='bbox 1305 560 1420 615; x_wconf 79' lang='grc' dir='ltr'><strong><em>μάλα</em></strong></span> <span class='ocrx_word' id='word_1_45' title='bbox 1452 562 1762 618; x_wconf 75' lang='grc' dir='ltr'><strong><em>ἀπαγορεύωνὸ</em></strong></span> 
     </span>
     <span class='ocr_line' id='line_1_7' title="bbox 267 629 437 683; baseline 0 -12"><span class='ocrx_word' id='word_1_46' title='bbox 267 629 314 671; x_wconf 85' lang='grc' dir='ltr'><strong>τό</strong></span> <span class='ocrx_word' id='word_1_47' title='bbox 351 631 437 683; x_wconf 84' lang='grc' dir='ltr'><strong><em>ζῆν.</em></strong></span> 
     </span>
     <span class='ocr_line' id='line_1_8' title="bbox 180 691 1728 751; baseline -0.001 -13"><span class='ocrx_word' id='word_1_48' title='bbox 180 704 250 738; x_wconf 73' lang='lat'><strong>8⁸2</strong></span> <span class='ocrx_word' id='word_1_49' title='bbox 390 691 570 747; x_wconf 80' lang='grc' dir='ltr'><strong><em>Ἔξεστιν</em></strong></span> <span class='ocrx_word' id='word_1_50' title='bbox 587 691 663 738; x_wconf 76' lang='grc' dir='ltr'><strong>οὖν</strong></span> <span class='ocrx_word' id='word_1_51' title='bbox 682 698 1008 750; x_wconf 77' lang='grc' dir='ltr'><strong><em>συλλογίζεσθαι</em></strong></span> <span class='ocrx_word' id='word_1_52' title='bbox 1027 697 1115 744; x_wconf 74' lang='grc' dir='ltr'><strong><em>παῖς</em></strong></span> <span class='ocrx_word' id='word_1_53' title='bbox 1145 696 1195 736; x_wconf 80' lang='grc' dir='ltr'><strong>τὰ</strong></span> <span class='ocrx_word' id='word_1_54' title='bbox 1220 697 1326 749; x_wconf 78' lang='grc' dir='ltr'><strong><em>χθὲς</em></strong></span> <span class='ocrx_word' id='word_1_55' title='bbox 1344 696 1417 737; x_wconf 86' lang='grc' dir='ltr'><strong><em>καί</em></strong></span> <span class='ocrx_word' id='word_1_56' title='bbox 1445 694 1592 751; x_wconf 78' lang='grc' dir='ltr'><strong><em>πρώην</em></strong></span> <span class='ocrx_word' id='word_1_57' title='bbox 1620 693 1728 749; x_wconf 73' lang='grc' dir='ltr'><strong><em>μετὰ</em></strong></span> 
     </span>
     <span class='ocr_line' id='line_1_9' title="bbox 230 757 1730 821; baseline -0.001 -16"><span class='ocrx_word' id='word_1_58' title='bbox 230 785 233 788; x_wconf 90' lang='grc'><em>·</em></span> <span class='ocrx_word' id='word_1_59' title='bbox 267 766 454 817; x_wconf 81' lang='grc' dir='ltr'><strong><em>σοβαροῦ</em></strong></span> <span class='ocrx_word' id='word_1_60' title='bbox 482 765 558 804; x_wconf 83' lang='grc' dir='ltr'><strong>τοῦ</strong></span> <span class='ocrx_word' id='word_1_61' title='bbox 588 757 719 817; x_wconf 80' lang='grc' dir='ltr'><strong><em>ηθους</em></strong></span> <span class='ocrx_word' id='word_1_62' title='bbox 762 765 1098 817; x_wconf 75' lang='grc' dir='ltr'><strong><em>ὸημοσιευθὲντα</em></strong></span> <span class='ocrx_word' id='word_1_63' title='bbox 1138 765 1197 820; x_wconf 73' lang='grc' dir='ltr'><strong>τῷ</strong></span> <span class='ocrx_word' id='word_1_64' title='bbox 1227 764 1420 821; x_wconf 77' lang='grc' dir='ltr'><strong><em>Φιλοθέῳ</em></strong></span> <span class='ocrx_word' id='word_1_65' title='bbox 1456 761 1730 819; x_wconf 75' lang='grc' dir='ltr'><strong><em>μεγαλαυχή-</em></strong></span> 
     </span>
     <span class='ocr_line' id='line_1_10' title="bbox 265 827 1729 884; baseline 0 -14"><span class='ocrx_word' id='word_1_66' title='bbox 265 845 382 882; x_wconf 92' lang='grc' dir='ltr'><strong><em>ματα</em></strong></span> <span class='ocrx_word' id='word_1_67' title='bbox 421 827 525 871; x_wconf 79' lang='grc' dir='ltr'><strong><em>κατοὶ</em></strong></span> <span class='ocrx_word' id='word_1_68' title='bbox 564 831 644 871; x_wconf 74' lang='grc' dir='ltr'><strong>τῶν</strong></span> <span class='ocrx_word' id='word_1_69' title='bbox 691 828 1030 883; x_wconf 79' lang='grc' dir='ltr'><strong><em>ὀρθοδοξούντων</em></strong></span> <span class='ocrx_word' id='word_1_70' title='bbox 1061 829 1133 871; x_wconf 85' lang='grc' dir='ltr'><strong><em>καί</em></strong></span> <span class='ocrx_word' id='word_1_71' title='bbox 1174 828 1250 879; x_wconf 75' lang='grc' dir='ltr'><strong>τὰς</strong></span> <span class='ocrx_word' id='word_1_72' title='bbox 1294 832 1368 883; x_wconf 80' lang='grc' dir='ltr'><strong>τῆς</strong></span> <span class='ocrx_word' id='word_1_73' title='bbox 1398 827 1729 884; x_wconf 76' lang='grc' dir='ltr'><strong><em>βωμολοχοόσης</em></strong></span> 
     </span>
     <span class='ocr_line' id='line_1_11' title="bbox 265 893 1787 951; baseline 0 -13"><span class='ocrx_word' id='word_1_74' title='bbox 265 893 448 951; x_wconf 76' lang='grc' dir='ltr'><strong><em>γλώττης</em></strong></span> <span class='ocrx_word' id='word_1_75' title='bbox 478 896 753 951; x_wconf 75' lang='grc' dir='ltr'><strong><em>εὐτραπελίας</em></strong></span> <span class='ocrx_word' id='word_1_76' title='bbox 785 893 953 951; x_wconf 78' lang='grc' dir='ltr'><strong><em>ἤλεγξεν</em></strong></span> <span class='ocrx_word' id='word_1_77' title='bbox 986 896 1061 937; x_wconf 76' lang='grc' dir='ltr'><strong><em>ου’κ,</em></strong></span> <span class='ocrx_word' id='word_1_78' title='bbox 1083 898 1143 945; x_wconf 84' lang='grc' dir='ltr'><strong>εἰς</strong></span> <span class='ocrx_word' id='word_1_79' title='bbox 1171 894 1339 950; x_wconf 80' lang='grc' dir='ltr'><strong><em>μακρὰν</em></strong></span> <span class='ocrx_word' id='word_1_80' title='bbox 1370 894 1392 937; x_wconf 78' lang='grc' dir='ltr'><em>ὅ</em></span> <span class='ocrx_word' id='word_1_81' title='bbox 1415 894 1528 950; x_wconf 76' lang='grc' dir='ltr'><strong><em>θεός,</em></strong></span> <span class='ocrx_word' id='word_1_82' title='bbox 1561 897 1728 937; x_wconf 74' lang='grc' dir='ltr'><strong><em>δικαίαν</em></strong></span> <span class='ocrx_word' id='word_1_83' title='bbox 1745 903 1787 938; x_wconf 78' lang='lat'><strong>10</strong></span> 
     </span>
     <span class='ocr_line' id='line_1_12' title="bbox 266 957 1728 1019; baseline -0.001 -15"><span class='ocrx_word' id='word_1_84' title='bbox 266 960 342 1017; x_wconf 83' lang='grc' dir='ltr'><strong>τὴν</strong></span> <span class='ocrx_word' id='word_1_85' title='bbox 375 963 513 1015; x_wconf 86' lang='grc' dir='ltr'><strong><em>κρίσιν</em></strong></span> <span class='ocrx_word' id='word_1_86' title='bbox 543 963 771 1017; x_wconf 76' lang='grc' dir='ltr'><strong><em>ἐπενεγκών</em></strong></span> <span class='ocrx_word' id='word_1_87' title='bbox 799 965 855 1019; x_wconf 76' lang='grc' dir='ltr'><strong>τῷ</strong></span> <span class='ocrx_word' id='word_1_88' title='bbox 887 964 1099 1019; x_wconf 80' lang='grc' dir='ltr'><strong><em>περιφανῆ</em></strong></span> <span class='ocrx_word' id='word_1_89' title='bbox 1143 963 1218 1017; x_wconf 78' lang='grc' dir='ltr'><strong>τὴν</strong></span> <span class='ocrx_word' id='word_1_90' title='bbox 1247 963 1418 1005; x_wconf 76' lang='grc' dir='ltr'><strong><em>ἀδικίαν</em></strong></span> <span class='ocrx_word' id='word_1_91' title='bbox 1450 964 1510 1011; x_wconf 80' lang='grc' dir='ltr'><strong>εἰς</strong></span> <span class='ocrx_word' id='word_1_92' title='bbox 1539 961 1586 1004; x_wconf 85' lang='grc' dir='ltr'><strong>τὸ</strong></span> <span class='ocrx_word' id='word_1_93' title='bbox 1617 957 1728 1015; x_wconf 66' lang='grc' dir='ltr'><strong><em>ὕψος</em></strong></span> 
     </span>
     <span class='ocr_line' id='line_1_13' title="bbox 267 1027 1731 1085; baseline 0.001 -15"><span class='ocrx_word' id='word_1_94' title='bbox 267 1030 511 1083; x_wconf 69' lang='grc' dir='ltr'><strong><em>λαλῆσαντι,</em></strong></span> <span class='ocrx_word' id='word_1_95' title='bbox 538 1033 698 1082; x_wconf 83' lang='grc' dir='ltr'><strong><em>μᾶλλον</em></strong></span> <span class='ocrx_word' id='word_1_96' title='bbox 726 1031 772 1071; x_wconf 76' lang='grc' dir='ltr'><strong>δὲ</strong></span> <span class='ocrx_word' id='word_1_97' title='bbox 804 1032 1032 1085; x_wconf 85' lang='grc' dir='ltr'><strong><em>λαλήσαντι</em></strong></span> <span class='ocrx_word' id='word_1_98' title='bbox 1070 1033 1148 1082; x_wconf 84' lang='grc' dir='ltr'><strong>μὲν</strong></span> <span class='ocrx_word' id='word_1_99' title='bbox 1178 1031 1250 1072; x_wconf 80' lang='grc' dir='ltr'><strong><em>καί</em></strong></span> <span class='ocrx_word' id='word_1_100' title='bbox 1283 1029 1392 1080; x_wconf 88' lang='grc' dir='ltr'><strong><em>τότε,</em></strong></span> <span class='ocrx_word' id='word_1_101' title='bbox 1426 1027 1652 1084; x_wconf 77' lang='grc' dir='ltr'><strong><em>λαλήσαντι</em></strong></span> <span class='ocrx_word' id='word_1_102' title='bbox 1684 1031 1731 1072; x_wconf 76' lang='grc' dir='ltr'><strong>δὲ</strong></span> 
     </span>
     <span class='ocr_line' id='line_1_14' title="bbox 266 1090 1732 1151; baseline 0.002 -16"><span class='ocrx_word' id='word_1_103' title='bbox 266 1096 339 1136; x_wconf 86' lang='grc' dir='ltr'>καί</span> <span class='ocrx_word' id='word_1_104' title='bbox 384 1094 587 1150; x_wconf 88' lang='grc' dir='ltr'><strong><em>πρότερον</em></strong></span> <span class='ocrx_word' id='word_1_105' title='bbox 634 1090 659 1149; x_wconf 77' lang='grc' dir='ltr'><em>ἢ</em></span> <span class='ocrx_word' id='word_1_106' title='bbox 712 1093 805 1138; x_wconf 87' lang='grc' dir='ltr'><strong><em>τότε</em></strong></span> <span class='ocrx_word' id='word_1_107' title='bbox 855 1099 927 1138; x_wconf 82' lang='grc' dir='ltr'><em>καί</em></span> <span class='ocrx_word' id='word_1_108' title='bbox 979 1095 1240 1149; x_wconf 75' lang='grc' dir='ltr'><strong><em>μεθυστερον</em></strong></span> <span class='ocrx_word' id='word_1_109' title='bbox 1290 1092 1317 1151; x_wconf 78' lang='grc' dir='ltr'><em>ἢ</em></span> <span class='ocrx_word' id='word_1_110' title='bbox 1365 1095 1485 1150; x_wconf 85' lang='grc' dir='ltr'><strong><em>τότε,</em></strong></span> <span class='ocrx_word' id='word_1_111' title='bbox 1529 1112 1597 1137; x_wconf 83' lang='grc' dir='ltr'><strong>και</strong></span> <span class='ocrx_word' id='word_1_112' title='bbox 1650 1099 1732 1138; x_wconf 81' lang='grc' dir='ltr'><strong><em>λα-</em></strong></span> 
     </span>
     <span class='ocr_line' id='line_1_15' title="bbox 266 1159 1732 1220; baseline 0.001 -18"><span class='ocrx_word' id='word_1_113' title='bbox 266 1162 402 1202; x_wconf 78' lang='grc' dir='ltr'><strong><em>λοῦντι</em></strong></span> <span class='ocrx_word' id='word_1_114' title='bbox 447 1163 644 1216; x_wconf 77' lang='grc' dir='ltr'><strong><em>διηνεκῶς</em></strong></span> <span class='ocrx_word' id='word_1_115' title='bbox 687 1162 796 1219; x_wconf 74' lang='grc' dir='ltr'><strong><em>αυτῷ</em></strong></span> <span class='ocrx_word' id='word_1_116' title='bbox 842 1178 911 1204; x_wconf 90' lang='grc' dir='ltr'><strong>και</strong></span> <span class='ocrx_word' id='word_1_117' title='bbox 952 1178 1042 1204; x_wconf 93' lang='grc' dir='ltr'><strong><em>οσοι</em></strong></span> <span class='ocrx_word' id='word_1_118' title='bbox 1085 1162 1195 1217; x_wconf 73' lang='grc' dir='ltr'><strong>ἄμφ’</strong></span> <span class='ocrx_word' id='word_1_119' title='bbox 1227 1160 1351 1205; x_wconf 67' lang='grc' dir='ltr'><strong><em>αὐτον</em></strong></span> <span class='ocrx_word' id='word_1_120' title='bbox 1389 1164 1463 1204; x_wconf 84' lang='grc' dir='ltr'><strong><em>καί</em></strong></span> <span class='ocrx_word' id='word_1_121' title='bbox 1503 1159 1583 1205; x_wconf 76' lang='grc' dir='ltr'><strong>σῦν</strong></span> <span class='ocrx_word' id='word_1_122' title='bbox 1614 1162 1732 1220; x_wconf 76' lang='grc' dir='ltr'><strong><em>αυτῷ</em></strong></span> 
     </span>
     <span class='ocr_line' id='line_1_16' title="bbox 266 1226 1789 1284; baseline -0.001 -16"><span class='ocrx_word' id='word_1_123' title='bbox 266 1230 541 1280; x_wconf 85' lang='grc' dir='ltr'><strong><em>παλαμισταί.</em></strong></span> <span class='ocrx_word' id='word_1_124' title='bbox 631 1229 692 1276; x_wconf 73' lang='grc' dir='ltr'><strong>τίς</strong></span> <span class='ocrx_word' id='word_1_125' title='bbox 746 1229 784 1269; x_wconf 85' lang='grc' dir='ltr'><strong>δ’</strong></span> <span class='ocrx_word' id='word_1_126' title='bbox 839 1228 911 1270; x_wconf 75' lang='grc' dir='ltr'><strong>οὐκ</strong></span> <span class='ocrx_word' id='word_1_127' title='bbox 969 1226 1020 1271; x_wconf 68' lang='grc' dir='ltr'><strong>ἄν</strong></span> <span class='ocrx_word' id='word_1_128' title='bbox 1069 1230 1240 1272; x_wconf 78' lang='grc' dir='ltr'><strong><em>α’πείποι</em></strong></span> <span class='ocrx_word' id='word_1_129' title='bbox 1294 1229 1547 1283; x_wconf 84' lang='grc' dir='ltr'><strong><em>βουλόμενος</em></strong></span> <span class='ocrx_word' id='word_1_130' title='bbox 1603 1228 1733 1284; x_wconf 72' lang='grc' dir='ltr'><strong><em>α’ριθ-</em></strong></span> <span class='ocrx_word' id='word_1_131' title='bbox 1747 1234 1789 1268; x_wconf 83' lang='grc'><strong>15</strong></span> 
     </span>
     <span class='ocr_line' id='line_1_17' title="bbox 265 1293 1732 1351; baseline 0.003 -17"><span class='ocrx_word' id='word_1_132' title='bbox 265 1299 359 1347; x_wconf 84' lang='grc' dir='ltr'><strong><em>μεῖν</em></strong></span> <span class='ocrx_word' id='word_1_133' title='bbox 389 1293 486 1342; x_wconf 80' lang='grc' dir='ltr'><strong><em>τούς</em></strong></span> <span class='ocrx_word' id='word_1_134' title='bbox 516 1300 763 1350; x_wconf 81' lang='grc' dir='ltr'><strong><em>περιφανεῖς</em></strong></span> <span class='ocrx_word' id='word_1_135' title='bbox 792 1300 880 1337; x_wconf 83' lang='grc' dir='ltr'><strong><em>κατ’</em></strong></span> <span class='ocrx_word' id='word_1_136' title='bbox 910 1295 1052 1337; x_wconf 79' lang='grc' dir='ltr'><strong><em>αυτῶν</em></strong></span> <span class='ocrx_word' id='word_1_137' title='bbox 1081 1295 1151 1337; x_wconf 82' lang='grc' dir='ltr'><strong>αἐἰ</strong></span> <span class='ocrx_word' id='word_1_138' title='bbox 1167 1298 1409 1350; x_wconf 78' lang='grc' dir='ltr'><strong><em>γινομένους</em></strong></span> <span class='ocrx_word' id='word_1_139' title='bbox 1427 1296 1582 1338; x_wconf 75' lang='grc' dir='ltr'><strong><em>θεόθεν</em></strong></span> <span class='ocrx_word' id='word_1_140' title='bbox 1614 1298 1732 1351; x_wconf 77' lang='grc' dir='ltr'><strong><em>ἐλέγ-</em></strong></span> 
     </span>
     <span class='ocr_line' id='line_1_18' title="bbox 263 1357 1733 1418; baseline 0.002 -18"><span class='ocrx_word' id='word_1_141' title='bbox 263 1368 368 1414; x_wconf 86' lang='grc' dir='ltr'><strong><em>χούς</em></strong></span> <span class='ocrx_word' id='word_1_142' title='bbox 401 1357 504 1402; x_wconf 54' lang='lat' dir='ltr'><strong>aiore</strong></span> <span class='ocrx_word' id='word_1_143' title='bbox 537 1359 706 1403; x_wconf 82' lang='grc' dir='ltr'><strong><em>σύνεσιν</em></strong></span> <span class='ocrx_word' id='word_1_144' title='bbox 746 1368 864 1415; x_wconf 89' lang='grc' dir='ltr'><strong><em>σχεῖν</em></strong></span> <span class='ocrx_word' id='word_1_145' title='bbox 909 1364 968 1411; x_wconf 87' lang='grc' dir='ltr'><strong>εἰς</strong></span> <span class='ocrx_word' id='word_1_146' title='bbox 1011 1361 1298 1418; x_wconf 82' lang='grc' dir='ltr'><strong><em>ἐπιστροφήν,·</em></strong></span> <span class='ocrx_word' id='word_1_147' title='bbox 1328 1363 1391 1411; x_wconf 89' lang='grc' dir='ltr'><strong>τίς</strong></span> <span class='ocrx_word' id='word_1_148' title='bbox 1421 1363 1456 1403; x_wconf 82' lang='grc' dir='ltr'><strong>δ’</strong></span> <span class='ocrx_word' id='word_1_149' title='bbox 1482 1365 1558 1403; x_wconf 76' lang='lat' dir='ltr'><strong>ov&#39;u</strong></span> <span class='ocrx_word' id='word_1_150' title='bbox 1586 1357 1638 1405; x_wconf 67' lang='grc' dir='ltr'><strong>ἂν</strong></span> <span class='ocrx_word' id='word_1_151' title='bbox 1663 1365 1733 1405; x_wconf 77' lang='grc' dir='ltr'><strong>ἐκ-</strong></span> 
     </span>
     <span class='ocr_line' id='line_1_19' title="bbox 267 1426 1728 1484; baseline 0.003 -18"><span class='ocrx_word' id='word_1_152' title='bbox 267 1428 442 1481; x_wconf 81' lang='grc' dir='ltr'><strong><em>πληγειή</em></strong></span> <span class='ocrx_word' id='word_1_153' title='bbox 470 1430 636 1480; x_wconf 82' lang='grc' dir='ltr'><strong><em>βλέπων</em></strong></span> <span class='ocrx_word' id='word_1_154' title='bbox 667 1426 712 1470; x_wconf 84' lang='grc' dir='ltr'><strong>τὸ</strong></span> <span class='ocrx_word' id='word_1_155' title='bbox 746 1428 937 1481; x_wconf 75' lang='grc' dir='ltr'><strong><em>ἀκαμπὲς</em></strong></span> <span class='ocrx_word' id='word_1_156' title='bbox 977 1429 1118 1470; x_wconf 76' lang='grc' dir='ltr'><strong><em>αὐτῶν</em></strong></span> <span class='ocrx_word' id='word_1_157' title='bbox 1159 1431 1232 1470; x_wconf 87' lang='grc' dir='ltr'><strong><em>καί</em></strong></span> <span class='ocrx_word' id='word_1_158' title='bbox 1260 1428 1565 1484; x_wconf 75' lang='grc' dir='ltr'><strong><em>α’νεπίστροφον</em></strong></span> <span class='ocrx_word' id='word_1_159' title='bbox 1594 1430 1653 1477; x_wconf 83' lang='grc' dir='ltr'><strong>εἰς</strong></span> <span class='ocrx_word' id='word_1_160' title='bbox 1682 1428 1728 1477; x_wconf 78' lang='grc' dir='ltr'><strong>τὸ</strong></span> 
     </span>
     <span class='ocr_line' id='line_1_20' title="bbox 267 1490 1730 1550; baseline 0.003 -16"><span class='ocrx_word' id='word_1_161' title='bbox 267 1490 340 1547; x_wconf 74' lang='grc' dir='ltr'><strong>τὴν</strong></span> <span class='ocrx_word' id='word_1_162' title='bbox 366 1496 576 1549; x_wconf 80' lang='grc' dir='ltr'><strong><em>σφετέραν</em></strong></span> <span class='ocrx_word' id='word_1_163' title='bbox 616 1500 805 1536; x_wconf 84' lang='grc' dir='ltr'><strong><em>συνεῖναι</em></strong></span> <span class='ocrx_word' id='word_1_164' title='bbox 850 1493 1035 1550; x_wconf 78' lang='grc' dir='ltr'><strong><em>πλάνην,·</em></strong></span> <span class='ocrx_word' id='word_1_165' title='bbox 1076 1494 1149 1537; x_wconf 84' lang='grc' dir='ltr'>καί</span> <span class='ocrx_word' id='word_1_166' title='bbox 1186 1496 1318 1537; x_wconf 81' lang='grc' dir='ltr'><strong><em>ταῦτα</em></strong></span> <span class='ocrx_word' id='word_1_167' title='bbox 1350 1496 1429 1548; x_wconf 84' lang='grc' dir='ltr'><strong>μὲν</strong></span> <span class='ocrx_word' id='word_1_168' title='bbox 1456 1498 1603 1538; x_wconf 77' lang='grc' dir='ltr'><strong><em>τοῦτον</em></strong></span> <span class='ocrx_word' id='word_1_169' title='bbox 1632 1493 1730 1550; x_wconf 80' lang='grc' dir='ltr'><strong><em>ἔσχε</em></strong></span> 
     </span>
     <span class='ocr_line' id='line_1_21' title="bbox 267 1557 1788 1612; baseline 0.003 -12"><span class='ocrx_word' id='word_1_170' title='bbox 267 1559 340 1600; x_wconf 87' lang='grc' dir='ltr'><strong>τὸν</strong></span> <span class='ocrx_word' id='word_1_171' title='bbox 370 1557 533 1612; x_wconf 83' lang='grc' dir='ltr'><strong><em>τρόπον.</em></strong></span> <span class='ocrx_word' id='word_1_172' title='bbox 1743 1569 1788 1605; x_wconf 87' lang='grc'><strong>20</strong></span> 
     </span>
     <span class='ocr_line' id='line_1_22' title="bbox 182 1626 1731 1684; baseline 0.003 -18"><span class='ocrx_word' id='word_1_173' title='bbox 182 1633 251 1666; x_wconf 73' lang='grc'><strong>38</strong></span> <span class='ocrx_word' id='word_1_174' title='bbox 404 1629 494 1668; x_wconf 74' lang='grc' dir='ltr'><strong>Τῶν</strong></span> <span class='ocrx_word' id='word_1_175' title='bbox 524 1629 559 1668; x_wconf 84' lang='grc' dir='ltr'><strong>δ’</strong></span> <span class='ocrx_word' id='word_1_176' title='bbox 587 1626 712 1670; x_wconf 86' lang='grc' dir='ltr'><strong><em>υἱέων</em></strong></span> <span class='ocrx_word' id='word_1_177' title='bbox 736 1630 1089 1684; x_wconf 83' lang='grc' dir='ltr'><strong><em>Καντακουζηνοῦ</em></strong></span> <span class='ocrx_word' id='word_1_178' title='bbox 1118 1631 1347 1677; x_wconf 54' lang='lat' dir='ltr'><strong>Mat-‘statos</strong></span> <span class='ocrx_word' id='word_1_179' title='bbox 1373 1631 1452 1682; x_wconf 83' lang='grc' dir='ltr'><strong>μὲν</strong></span> <span class='ocrx_word' id='word_1_180' title='bbox 1477 1628 1498 1670; x_wconf 81' lang='grc' dir='ltr'><em>ὃ</em></span> <span class='ocrx_word' id='word_1_181' title='bbox 1529 1627 1731 1683; x_wconf 67' lang='grc' dir='ltr'><strong><em>βασιλεύς</em></strong></span> 
     </span>
     <span class='ocr_line' id='line_1_23' title="bbox 269 1688 1729 1750; baseline 0.003 -18"><span class='ocrx_word' id='word_1_182' title='bbox 269 1693 500 1746; x_wconf 82' lang='grc' dir='ltr'><strong><em>διατρίβων</em></strong></span> <span class='ocrx_word' id='word_1_183' title='bbox 531 1692 655 1748; x_wconf 82' lang='grc' dir='ltr'><strong><em>ἔτυχε</em></strong></span> <span class='ocrx_word' id='word_1_184' title='bbox 685 1698 912 1750; x_wconf 80' lang='grc' dir='ltr'><strong><em>τηνικαῦτα</em></strong></span> <span class='ocrx_word' id='word_1_185' title='bbox 946 1698 989 1743; x_wconf 82' lang='grc' dir='ltr'><strong><em>ἐς</em></strong></span> <span class='ocrx_word' id='word_1_186' title='bbox 1017 1693 1097 1737; x_wconf 77' lang='grc' dir='ltr'><strong><em>ὅσα</em></strong></span> <span class='ocrx_word' id='word_1_187' title='bbox 1120 1696 1313 1737; x_wconf 83' lang='grc' dir='ltr'><strong><em>ἐπέκεινα</em></strong></span> <span class='ocrx_word' id='word_1_188' title='bbox 1341 1688 1657 1749; x_wconf 73' lang='grc' dir='ltr'><strong><em>Διδυμοτείχου</em></strong></span> <span class='ocrx_word' id='word_1_189' title='bbox 1687 1710 1729 1737; x_wconf 81' lang='grc' dir='ltr'><strong>τε</strong></span> 
     </span>
     <span class='ocr_line' id='line_1_24' title="bbox 268 1757 1729 1828; baseline 0.003 -29"><span class='ocrx_word' id='word_1_190' title='bbox 268 1757 340 1800; x_wconf 82' lang='grc' dir='ltr'><em>καί</em></span> <span class='ocrx_word' id='word_1_191' title='bbox 374 1760 659 1828; x_wconf 58' lang='grc' dir='ltr'><strong><em>Ὀρεστισὶδος,</em></strong></span> <span class='ocrx_word' id='word_1_192' title='bbox 693 1760 905 1817; x_wconf 79' lang='grc' dir='ltr'><strong><em>Μανουὴλ</em></strong></span> <span class='ocrx_word' id='word_1_193' title='bbox 945 1763 981 1803; x_wconf 84' lang='grc' dir='ltr'><strong>δ’</strong></span> <span class='ocrx_word' id='word_1_194' title='bbox 1024 1761 1044 1802; x_wconf 84' lang='grc' dir='ltr'><strong><em>ὅ</em></strong></span> <span class='ocrx_word' id='word_1_195' title='bbox 1088 1764 1177 1815; x_wconf 79' lang='grc' dir='ltr'><strong><em>μετ’</em></strong></span> <span class='ocrx_word' id='word_1_196' title='bbox 1224 1764 1404 1815; x_wconf 80' lang='grc' dir='ltr'><strong><em>ἐκεῖνον,</em></strong></span> <span class='ocrx_word' id='word_1_197' title='bbox 1447 1763 1648 1817; x_wconf 79' lang='grc' dir='ltr'><strong><em>δεσπότης</em></strong></span> <span class='ocrx_word' id='word_1_198' title='bbox 1684 1759 1729 1804; x_wconf 65' lang='lat' dir='ltr'><strong>to*</strong></span> 
     </span>
    </p>
   </div>
   <div class='ocr_carea' id='block_1_3' title="bbox 269 1946 1732 2123">
    <p class='ocr_par' dir='ltr' id='par_1_3' title="bbox 269 1946 1732 2123">
     <span class='ocr_line' id='line_1_25' title="bbox 269 1946 1732 1992; baseline -0.002 -10"><span class='ocrx_word' id='word_1_199' title='bbox 269 1948 349 1982; x_wconf 92' lang='lat' dir='ltr'><strong>dum</strong></span> <span class='ocrx_word' id='word_1_200' title='bbox 375 1947 565 1982; x_wconf 88' lang='lat' dir='ltr'><strong>secundum</strong></span> <span class='ocrx_word' id='word_1_201' title='bbox 592 1947 811 1981; x_wconf 87' lang='lat' dir='ltr'><strong>voluntatem</strong></span> <span class='ocrx_word' id='word_1_202' title='bbox 845 1952 881 1981; x_wconf 88' lang='lat' dir='ltr'><strong>et</strong></span> <span class='ocrx_word' id='word_1_203' title='bbox 914 1947 1144 1992; x_wconf 86' lang='lat' dir='ltr'><strong>indigentiam</strong></span> <span class='ocrx_word' id='word_1_204' title='bbox 1175 1946 1325 1981; x_wconf 85' lang='lat' dir='ltr'><strong>aliorum</strong></span> <span class='ocrx_word' id='word_1_205' title='bbox 1362 1946 1434 1980; x_wconf 91' lang='lat' dir='ltr'><strong>alio</strong></span> <span class='ocrx_word' id='word_1_206' title='bbox 1459 1953 1621 1992; x_wconf 85' lang='lat' dir='ltr'><strong>tempore</strong></span> <span class='ocrx_word' id='word_1_207' title='bbox 1642 1958 1732 1983; x_wconf 87' lang='lat' dir='ltr'><strong>con-</strong></span> 
     </span>
     <span class='ocr_line' id='line_1_26' title="bbox 270 1994 1731 2040; baseline 0.001 -12"><span class='ocrx_word' id='word_1_208' title='bbox 270 1996 468 2029; x_wconf 88' lang='lat' dir='ltr'><strong>stitutorum</strong></span> <span class='ocrx_word' id='word_1_209' title='bbox 498 1995 771 2038; x_wconf 87' lang='lat' dir='ltr'><strong>patriarcharum</strong></span> <span class='ocrx_word' id='word_1_210' title='bbox 799 1995 867 2028; x_wconf 92' lang='lat' dir='ltr'><strong>hoc</strong></span> <span class='ocrx_word' id='word_1_211' title='bbox 900 2000 1059 2039; x_wconf 86' lang='lat' dir='ltr'><strong>tempore</strong></span> <span class='ocrx_word' id='word_1_212' title='bbox 1091 1995 1230 2040; x_wconf 81' lang='lat' dir='ltr'><strong>fugiens</strong></span> <span class='ocrx_word' id='word_1_213' title='bbox 1263 1994 1511 2029; x_wconf 80' lang='lat' dir='ltr'><strong>tremebundus</strong></span> <span class='ocrx_word' id='word_1_214' title='bbox 1538 2001 1573 2028; x_wconf 89' lang='lat' dir='ltr'><strong>et</strong></span> <span class='ocrx_word' id='word_1_215' title='bbox 1596 1996 1731 2030; x_wconf 85' lang='lat' dir='ltr'><strong>timoris</strong></span> 
     </span>
     <span class='ocr_line' id='line_1_27' title="bbox 271 2041 1732 2086; baseline -0.001 -10"><span class='ocrx_word' id='word_1_216' title='bbox 271 2042 397 2086; x_wconf 87' lang='lat' dir='ltr'><strong>plenus</strong></span> <span class='ocrx_word' id='word_1_217' title='bbox 438 2043 496 2086; x_wconf 91' lang='lat' dir='ltr'><strong>qui</strong></span> <span class='ocrx_word' id='word_1_218' title='bbox 524 2042 600 2076; x_wconf 89' lang='lat' dir='ltr'><strong>heri</strong></span> <span class='ocrx_word' id='word_1_219' title='bbox 627 2048 834 2086; x_wconf 87' lang='lat' dir='ltr'><strong>persecutor</strong></span> <span class='ocrx_word' id='word_1_220' title='bbox 869 2044 1060 2076; x_wconf 85' lang='lat' dir='ltr'><strong>acerrimus</strong></span> <span class='ocrx_word' id='word_1_221' title='bbox 1087 2042 1202 2079; x_wconf 87' lang='lat' dir='ltr'><strong>fuerat</strong></span> <span class='ocrx_word' id='word_1_222' title='bbox 1238 2043 1275 2075; x_wconf 89' lang='lat' dir='ltr'><strong>in</strong></span> <span class='ocrx_word' id='word_1_223' title='bbox 1301 2041 1430 2075; x_wconf 85' lang='lat' dir='ltr'><strong>multos</strong></span> <span class='ocrx_word' id='word_1_224' title='bbox 1455 2042 1532 2077; x_wconf 89' lang='lat' dir='ltr'><strong>dies</strong></span> <span class='ocrx_word' id='word_1_225' title='bbox 1556 2053 1636 2076; x_wconf 86' lang='lat' dir='ltr'><strong>sese</strong></span> <span class='ocrx_word' id='word_1_226' title='bbox 1665 2043 1732 2077; x_wconf 86' lang='lat' dir='ltr'><strong>ab..</strong></span> 
     </span>
     <span class='ocr_line' id='line_1_28' title="bbox 271 2089 1449 2123; baseline 0 0"><span class='ocrx_word' id='word_1_227' title='bbox 271 2089 464 2123; x_wconf 81' lang='lat' dir='ltr'><strong>scondehat</strong></span> <span class='ocrx_word' id='word_1_228' title='bbox 488 2089 664 2123; x_wconf 78' lang='lat' dir='ltr'><strong>inutiliter</strong></span> <span class='ocrx_word' id='word_1_229' title='bbox 691 2095 880 2123; x_wconf 88' lang='lat' dir='ltr'><strong>conterens</strong></span> <span class='ocrx_word' id='word_1_230' title='bbox 907 2095 941 2123; x_wconf 90' lang='lat' dir='ltr'><strong>et</strong></span> <span class='ocrx_word' id='word_1_231' title='bbox 969 2089 1074 2123; x_wconf 86' lang='lat' dir='ltr'><strong>valde</strong></span> <span class='ocrx_word' id='word_1_232' title='bbox 1103 2090 1303 2123; x_wconf 85' lang='lat' dir='ltr'><strong>detrectans</strong></span> <span class='ocrx_word' id='word_1_233' title='bbox 1329 2090 1449 2123; x_wconf 83' lang='lat' dir='ltr'><strong>vitam.</strong></span> 
     </span>
    </p>
   </div>
   <div class='ocr_carea' id='block_1_4' title="bbox 270 2147 1731 2662">
    <p class='ocr_par' dir='ltr' id='par_1_4' title="bbox 270 2147 1731 2662">
     <span class='ocr_line' id='line_1_29' title="bbox 403 2147 1730 2192; baseline 0.002 -13"><span class='ocrx_word' id='word_1_234' title='bbox 403 2147 501 2180; x_wconf 84' lang='lat' dir='ltr'><strong>Licet</strong></span> <span class='ocrx_word' id='word_1_235' title='bbox 525 2148 634 2192; x_wconf 89' lang='lat' dir='ltr'><strong>igitur</strong></span> <span class='ocrx_word' id='word_1_236' title='bbox 659 2148 901 2181; x_wconf 80' lang='lat' dir='ltr'><strong>ratiocinando</strong></span> <span class='ocrx_word' id='word_1_237' title='bbox 932 2148 1075 2181; x_wconf 87' lang='lat' dir='ltr'><strong>studere</strong></span> <span class='ocrx_word' id='word_1_238' title='bbox 1101 2147 1242 2191; x_wconf 83' lang='lat' dir='ltr'><strong>assequi</strong></span> <span class='ocrx_word' id='word_1_239' title='bbox 1261 2147 1436 2191; x_wconf 90' lang='lat' dir='ltr'><strong>quomodo</strong></span> <span class='ocrx_word' id='word_1_240' title='bbox 1465 2147 1628 2192; x_wconf 86' lang='lat' dir='ltr'><strong>vulgatas</strong></span> <span class='ocrx_word' id='word_1_241' title='bbox 1652 2147 1730 2182; x_wconf 90' lang='lat' dir='ltr'><strong>heri</strong></span> 
     </span>
     <span class='ocr_line' id='line_1_30' title="bbox 272 2194 1730 2238; baseline -0.001 -11"><span class='ocrx_word' id='word_1_242' title='bbox 272 2199 307 2227; x_wconf 90' lang='lat' dir='ltr'><strong>et</strong></span> <span class='ocrx_word' id='word_1_243' title='bbox 328 2204 441 2238; x_wconf 87' lang='lat' dir='ltr'><strong>nuper</strong></span> <span class='ocrx_word' id='word_1_244' title='bbox 469 2194 621 2237; x_wconf 90' lang='lat' dir='ltr'><strong>superbo</strong></span> <span class='ocrx_word' id='word_1_245' title='bbox 648 2205 747 2228; x_wconf 85' lang='lat' dir='ltr'><strong>more</strong></span> <span class='ocrx_word' id='word_1_246' title='bbox 774 2205 794 2228; x_wconf 90' lang='lat' dir='ltr'><strong>a</strong></span> <span class='ocrx_word' id='word_1_247' title='bbox 828 2194 1018 2228; x_wconf 86' lang='lat' dir='ltr'><strong>Philotheo</strong></span> <span class='ocrx_word' id='word_1_248' title='bbox 1058 2195 1101 2228; x_wconf 86' lang='lat' dir='ltr'><strong>de</strong></span> <span class='ocrx_word' id='word_1_249' title='bbox 1120 2195 1233 2227; x_wconf 88' lang='lat' dir='ltr'><strong>iustae</strong></span> <span class='ocrx_word' id='word_1_250' title='bbox 1262 2194 1343 2227; x_wconf 85' lang='lat' dir='ltr'><strong>fidei</strong></span> <span class='ocrx_word' id='word_1_251' title='bbox 1383 2194 1582 2228; x_wconf 87' lang='lat' dir='ltr'><strong>hominibus</strong></span> <span class='ocrx_word' id='word_1_252' title='bbox 1616 2195 1730 2229; x_wconf 88' lang='lat' dir='ltr'><strong>iacta-</strong></span> 
     </span>
     <span class='ocr_line' id='line_1_31' title="bbox 270 2241 1729 2286; baseline 0 -11"><span class='ocrx_word' id='word_1_253' title='bbox 270 2242 388 2275; x_wconf 86' lang='lat' dir='ltr'><strong>tiones</strong></span> <span class='ocrx_word' id='word_1_254' title='bbox 417 2247 451 2274; x_wconf 90' lang='lat' dir='ltr'><strong>et</strong></span> <span class='ocrx_word' id='word_1_255' title='bbox 475 2241 634 2275; x_wconf 86' lang='lat' dir='ltr'><strong>scurrilis</strong></span> <span class='ocrx_word' id='word_1_256' title='bbox 668 2241 812 2286; x_wconf 80' lang='lat' dir='ltr'><strong>linguae</strong></span> <span class='ocrx_word' id='word_1_257' title='bbox 849 2242 996 2275; x_wconf 77' lang='lat' dir='ltr'><strong>facetias</strong></span> <span class='ocrx_word' id='word_1_258' title='bbox 1032 2242 1181 2275; x_wconf 82' lang='lat' dir='ltr'><strong>urbanas</strong></span> <span class='ocrx_word' id='word_1_259' title='bbox 1209 2243 1411 2285; x_wconf 82' lang='lat' dir='ltr'><strong>coarguerit</strong></span> <span class='ocrx_word' id='word_1_260' title='bbox 1446 2251 1517 2275; x_wconf 88' lang='lat' dir='ltr'><strong>non</strong></span> <span class='ocrx_word' id='word_1_261' title='bbox 1546 2243 1595 2275; x_wconf 89' lang='lat' dir='ltr'><strong>ita</strong></span> <span class='ocrx_word' id='word_1_262' title='bbox 1619 2242 1729 2275; x_wconf 90' lang='lat' dir='ltr'><strong>multo</strong></span> 
     </span>
     <span class='ocr_line' id='line_1_32' title="bbox 272 2288 1731 2332; baseline -0.001 -10"><span class='ocrx_word' id='word_1_263' title='bbox 272 2289 358 2322; x_wconf 85' lang='lat' dir='ltr'><strong>deus</strong></span> <span class='ocrx_word' id='word_1_264' title='bbox 384 2289 511 2321; x_wconf 84' lang='lat' dir='ltr'><strong>iustum</strong></span> <span class='ocrx_word' id='word_1_265' title='bbox 538 2289 573 2321; x_wconf 90' lang='lat' dir='ltr'><strong>in</strong></span> <span class='ocrx_word' id='word_1_266' title='bbox 602 2289 768 2322; x_wconf 89' lang='lat' dir='ltr'><strong>iudicium</strong></span> <span class='ocrx_word' id='word_1_267' title='bbox 795 2294 922 2323; x_wconf 89' lang='lat' dir='ltr'><strong>vocato</strong></span> <span class='ocrx_word' id='word_1_268' title='bbox 954 2298 996 2322; x_wconf 90' lang='lat' dir='ltr'><strong>eo</strong></span> <span class='ocrx_word' id='word_1_269' title='bbox 1023 2289 1082 2332; x_wconf 91' lang='lat' dir='ltr'><strong>qui</strong></span> <span class='ocrx_word' id='word_1_270' title='bbox 1114 2289 1334 2322; x_wconf 76' lang='lat' dir='ltr'><strong>manifestam</strong></span> <span class='ocrx_word' id='word_1_271' title='bbox 1359 2288 1520 2322; x_wconf 84' lang='lat' dir='ltr'><strong>iniuriam</strong></span> <span class='ocrx_word' id='word_1_272' title='bbox 1544 2290 1648 2322; x_wconf 82' lang='lat' dir='ltr'><strong>nimis</strong></span> <span class='ocrx_word' id='word_1_273' title='bbox 1673 2290 1731 2322; x_wconf 90' lang='lat' dir='ltr'><strong>ia..</strong></span> 
     </span>
     <span class='ocr_line' id='line_1_33' title="bbox 274 2335 1730 2381; baseline 0.001 -13"><span class='ocrx_word' id='word_1_274' title='bbox 274 2335 392 2368; x_wconf 86' lang='lat' dir='ltr'><strong>etabat</strong></span> <span class='ocrx_word' id='word_1_275' title='bbox 415 2336 527 2379; x_wconf 85' lang='lat' dir='ltr'><strong>magis</strong></span> <span class='ocrx_word' id='word_1_276' title='bbox 548 2341 663 2369; x_wconf 87' lang='lat' dir='ltr'><strong>autem</strong></span> <span class='ocrx_word' id='word_1_277' title='bbox 683 2336 786 2369; x_wconf 83' lang='lat' dir='ltr'><strong>etiarn</strong></span> <span class='ocrx_word' id='word_1_278' title='bbox 801 2336 954 2369; x_wconf 83' lang='lat' dir='ltr'><strong>iactabat</strong></span> <span class='ocrx_word' id='word_1_279' title='bbox 978 2341 1062 2377; x_wconf 91' lang='lat' dir='ltr'><strong>tum,</strong></span> <span class='ocrx_word' id='word_1_280' title='bbox 1086 2335 1237 2369; x_wconf 85' lang='lat' dir='ltr'><strong>iactabat</strong></span> <span class='ocrx_word' id='word_1_281' title='bbox 1263 2345 1351 2368; x_wconf 88' lang='lat' dir='ltr'><strong>vero</strong></span> <span class='ocrx_word' id='word_1_282' title='bbox 1376 2336 1479 2369; x_wconf 90' lang='lat' dir='ltr'><strong>etiam</strong></span> <span class='ocrx_word' id='word_1_283' title='bbox 1504 2337 1602 2380; x_wconf 88' lang='lat' dir='ltr'><strong>prius</strong></span> <span class='ocrx_word' id='word_1_284' title='bbox 1628 2346 1730 2381; x_wconf 85' lang='lat' dir='ltr'><strong>quam</strong></span> 
     </span>
     <span class='ocr_line' id='line_1_34' title="bbox 272 2383 1729 2427; baseline 0.001 -12"><span class='ocrx_word' id='word_1_285' title='bbox 272 2388 343 2416; x_wconf 88' lang='lat' dir='ltr'><strong>tum</strong></span> <span class='ocrx_word' id='word_1_286' title='bbox 370 2388 405 2415; x_wconf 89' lang='lat' dir='ltr'><strong>et</strong></span> <span class='ocrx_word' id='word_1_287' title='bbox 430 2383 536 2415; x_wconf 88' lang='lat' dir='ltr'><strong>iactat</strong></span> <span class='ocrx_word' id='word_1_288' title='bbox 577 2383 801 2416; x_wconf 86' lang='lat' dir='ltr'><strong>continenter</strong></span> <span class='ocrx_word' id='word_1_289' title='bbox 827 2383 894 2417; x_wconf 90' lang='lat' dir='ltr'><strong>sibi</strong></span> <span class='ocrx_word' id='word_1_290' title='bbox 920 2384 988 2426; x_wconf 89' lang='lat' dir='ltr'><strong>ipsi</strong></span> <span class='ocrx_word' id='word_1_291' title='bbox 1022 2388 1057 2415; x_wconf 90' lang='lat' dir='ltr'><strong>et</strong></span> <span class='ocrx_word' id='word_1_292' title='bbox 1086 2387 1259 2427; x_wconf 81' lang='lat' dir='ltr'><strong>quotquot</strong></span> <span class='ocrx_word' id='word_1_293' title='bbox 1298 2383 1391 2415; x_wconf 84' lang='lat' dir='ltr'><strong>circa</strong></span> <span class='ocrx_word' id='word_1_294' title='bbox 1417 2393 1495 2415; x_wconf 88' lang='lat' dir='ltr'><strong>eum</strong></span> <span class='ocrx_word' id='word_1_295' title='bbox 1523 2388 1558 2416; x_wconf 85' lang='lat' dir='ltr'><strong>et</strong></span> <span class='ocrx_word' id='word_1_296' title='bbox 1582 2393 1660 2416; x_wconf 87' lang='lat' dir='ltr'><strong>eum</strong></span> <span class='ocrx_word' id='word_1_297' title='bbox 1687 2393 1729 2416; x_wconf 89' lang='lat' dir='ltr'><strong>eo</strong></span> 
     </span>
     <span class='ocr_line' id='line_1_35' title="bbox 271 2429 1730 2474; baseline -0.001 -12"><span class='ocrx_word' id='word_1_298' title='bbox 271 2435 458 2463; x_wconf 81' lang='lat' dir='ltr'><strong>versantur</strong></span> <span class='ocrx_word' id='word_1_299' title='bbox 491 2429 653 2463; x_wconf 83' lang='lat' dir='ltr'><strong>Palamae</strong></span> <span class='ocrx_word' id='word_1_300' title='bbox 685 2435 894 2463; x_wconf 82' lang='lat' dir='ltr'><strong>sectatores.</strong></span> <span class='ocrx_word' id='word_1_301' title='bbox 953 2430 1031 2474; x_wconf 86' lang='lat' dir='ltr'><strong>quis</strong></span> <span class='ocrx_word' id='word_1_302' title='bbox 1057 2435 1171 2463; x_wconf 83' lang='lat' dir='ltr'><strong>autern</strong></span> <span class='ocrx_word' id='word_1_303' title='bbox 1205 2439 1275 2462; x_wconf 90' lang='lat' dir='ltr'><strong>non</strong></span> <span class='ocrx_word' id='word_1_304' title='bbox 1309 2431 1484 2464; x_wconf 85' lang='lat' dir='ltr'><strong>desciscat</strong></span> <span class='ocrx_word' id='word_1_305' title='bbox 1509 2429 1636 2464; x_wconf 82' lang='lat' dir='ltr'><strong>volens</strong></span> <span class='ocrx_word' id='word_1_306' title='bbox 1660 2442 1730 2464; x_wconf 89' lang='lat' dir='ltr'><strong>nu-</strong></span> 
     </span>
     <span class='ocr_line' id='line_1_36' title="bbox 271 2477 1731 2521; baseline -0.001 -12"><span class='ocrx_word' id='word_1_307' title='bbox 271 2486 408 2509; x_wconf 87' lang='lat' dir='ltr'><strong>merare</strong></span> <span class='ocrx_word' id='word_1_308' title='bbox 435 2482 557 2520; x_wconf 84' lang='lat' dir='ltr'><strong>aperta</strong></span> <span class='ocrx_word' id='word_1_309' title='bbox 585 2486 649 2520; x_wconf 90' lang='lat' dir='ltr'><strong>pro</strong></span> <span class='ocrx_word' id='word_1_310' title='bbox 684 2478 727 2511; x_wconf 92' lang='lat' dir='ltr'><strong>iis</strong></span> <span class='ocrx_word' id='word_1_311' title='bbox 759 2487 898 2521; x_wconf 87' lang='lat' dir='ltr'><strong>semper</strong></span> <span class='ocrx_word' id='word_1_312' title='bbox 935 2477 1027 2511; x_wconf 85' lang='lat' dir='ltr'><strong>facta</strong></span> <span class='ocrx_word' id='word_1_313' title='bbox 1053 2477 1222 2510; x_wconf 86' lang='lat' dir='ltr'><strong>divinitus</strong></span> <span class='ocrx_word' id='word_1_314' title='bbox 1254 2482 1460 2519; x_wconf 79' lang='lat' dir='ltr'><strong>argumenta</strong></span> <span class='ocrx_word' id='word_1_315' title='bbox 1496 2477 1545 2510; x_wconf 80' lang='lat' dir='ltr'><strong>ita</strong></span> <span class='ocrx_word' id='word_1_316' title='bbox 1569 2482 1608 2510; x_wconf 89' lang='lat' dir='ltr'><strong>ut</strong></span> <span class='ocrx_word' id='word_1_317' title='bbox 1635 2478 1731 2511; x_wconf 90' lang='lat' dir='ltr'><strong>iudi..</strong></span> 
     </span>
     <span class='ocr_line' id='line_1_37' title="bbox 271 2524 1729 2567; baseline 0.001 -11"><span class='ocrx_word' id='word_1_318' title='bbox 271 2524 361 2556; x_wconf 83' lang='lat' dir='ltr'><strong>cium</strong></span> <span class='ocrx_word' id='word_1_319' title='bbox 402 2533 548 2567; x_wconf 90' lang='lat' dir='ltr'><strong>pronum</strong></span> <span class='ocrx_word' id='word_1_320' title='bbox 586 2524 626 2557; x_wconf 86' lang='lat' dir='ltr'><strong>ad</strong></span> <span class='ocrx_word' id='word_1_321' title='bbox 663 2525 932 2557; x_wconf 88' lang='lat' dir='ltr'><strong>conversionem</strong></span> <span class='ocrx_word' id='word_1_322' title='bbox 966 2524 1072 2557; x_wconf 84' lang='lat' dir='ltr'><strong>animi</strong></span> <span class='ocrx_word' id='word_1_323' title='bbox 1108 2524 1165 2557; x_wconf 87' lang='lat' dir='ltr'><strong>sit.</strong></span> <span class='ocrx_word' id='word_1_324' title='bbox 1225 2524 1302 2567; x_wconf 88' lang='lat' dir='ltr'><strong>quis</strong></span> <span class='ocrx_word' id='word_1_325' title='bbox 1334 2534 1406 2557; x_wconf 91' lang='lat' dir='ltr'><strong>non</strong></span> <span class='ocrx_word' id='word_1_326' title='bbox 1438 2524 1584 2557; x_wconf 88' lang='lat' dir='ltr'><strong>miretur</strong></span> <span class='ocrx_word' id='word_1_327' title='bbox 1606 2525 1729 2559; x_wconf 85' lang='lat' dir='ltr'><strong>videns</strong></span> 
     </span>
     <span class='ocr_line' id='line_1_38' title="bbox 272 2570 1730 2615; baseline 0.001 -12"><span class='ocrx_word' id='word_1_328' title='bbox 272 2572 502 2604; x_wconf 85' lang='lat' dir='ltr'><strong>constantiam</strong></span> <span class='ocrx_word' id='word_1_329' title='bbox 527 2581 598 2604; x_wconf 93' lang='lat' dir='ltr'><strong>non</strong></span> <span class='ocrx_word' id='word_1_330' title='bbox 624 2570 831 2605; x_wconf 87' lang='lat' dir='ltr'><strong>flectendam</strong></span> <span class='ocrx_word' id='word_1_331' title='bbox 858 2572 900 2604; x_wconf 88' lang='lat' dir='ltr'><strong>ad</strong></span> <span class='ocrx_word' id='word_1_332' title='bbox 936 2570 1205 2615; x_wconf 88' lang='lat' dir='ltr'><strong>intelligendum</strong></span> <span class='ocrx_word' id='word_1_333' title='bbox 1236 2581 1335 2604; x_wconf 90' lang='lat' dir='ltr'><strong>suum</strong></span> <span class='ocrx_word' id='word_1_334' title='bbox 1362 2581 1529 2604; x_wconf 87' lang='lat' dir='ltr'><strong>errorem.</strong></span> <span class='ocrx_word' id='word_1_335' title='bbox 1582 2576 1617 2605; x_wconf 85' lang='lat' dir='ltr'><strong>et</strong></span> <span class='ocrx_word' id='word_1_336' title='bbox 1642 2571 1730 2606; x_wconf 83' lang='lat' dir='ltr'><strong>baec</strong></span> 
     </span>
     <span class='ocr_line' id='line_1_39' title="bbox 271 2617 995 2662; baseline 0.001 -12"><span class='ocrx_word' id='word_1_337' title='bbox 271 2618 410 2661; x_wconf 92' lang='lat' dir='ltr'><strong>quidem</strong></span> <span class='ocrx_word' id='word_1_338' title='bbox 437 2617 506 2651; x_wconf 88' lang='lat' dir='ltr'><strong>hoc</strong></span> <span class='ocrx_word' id='word_1_339' title='bbox 529 2618 631 2651; x_wconf 92' lang='lat' dir='ltr'><strong>modo</strong></span> <span class='ocrx_word' id='word_1_340' title='bbox 659 2624 758 2652; x_wconf 86' lang='lat' dir='ltr'><strong>erant</strong></span> <span class='ocrx_word' id='word_1_341' title='bbox 784 2623 995 2662; x_wconf 84' lang='lat' dir='ltr'><strong>comparata.</strong></span> 
     </span>
    </p>
   </div>
   <div class='ocr_carea' id='block_1_5' title="bbox 271 2674 1729 2816">
    <p class='ocr_par' dir='ltr' id='par_1_5' title="bbox 271 2674 1729 2816">
     <span class='ocr_line' id='line_1_40' title="bbox 402 2674 1729 2720; baseline 0.002 -12"><span class='ocrx_word' id='word_1_342' title='bbox 402 2674 573 2709; x_wconf 88' lang='lat' dir='ltr'><strong>Filiorum</strong></span> <span class='ocrx_word' id='word_1_343' title='bbox 607 2680 722 2708; x_wconf 88' lang='lat' dir='ltr'><strong>autem</strong></span> <span class='ocrx_word' id='word_1_344' title='bbox 761 2676 998 2711; x_wconf 83' lang='lat' dir='ltr'><strong>Cantacuzeni</strong></span> <span class='ocrx_word' id='word_1_345' title='bbox 1035 2675 1215 2719; x_wconf 81' lang='lat' dir='ltr'><strong>Mathaeus</strong></span> <span class='ocrx_word' id='word_1_346' title='bbox 1252 2675 1391 2720; x_wconf 89' lang='lat' dir='ltr'><strong>quidem</strong></span> <span class='ocrx_word' id='word_1_347' title='bbox 1428 2685 1494 2709; x_wconf 86' lang='lat' dir='ltr'><strong>rex</strong></span> <span class='ocrx_word' id='word_1_348' title='bbox 1531 2681 1602 2710; x_wconf 88' lang='lat' dir='ltr'><strong>tum</strong></span> <span class='ocrx_word' id='word_1_349' title='bbox 1637 2676 1729 2710; x_wconf 81' lang='lat' dir='ltr'><strong>forte</strong></span> 
     </span>
     <span class='ocr_line' id='line_1_41' title="bbox 273 2721 1727 2767; baseline 0.001 -13"><span class='ocrx_word' id='word_1_350' title='bbox 273 2721 481 2755; x_wconf 86' lang='lat' dir='ltr'><strong>versabatur</strong></span> <span class='ocrx_word' id='word_1_351' title='bbox 505 2723 540 2755; x_wconf 87' lang='lat' dir='ltr'><strong>in</strong></span> <span class='ocrx_word' id='word_1_352' title='bbox 566 2721 611 2756; x_wconf 85' lang='lat' dir='ltr'><strong>iis</strong></span> <span class='ocrx_word' id='word_1_353' title='bbox 645 2722 851 2767; x_wconf 85' lang='lat' dir='ltr'><strong>regionibus</strong></span> <span class='ocrx_word' id='word_1_354' title='bbox 881 2732 970 2767; x_wconf 84' lang='lat' dir='ltr'><strong>quae</strong></span> <span class='ocrx_word' id='word_1_355' title='bbox 1003 2721 1097 2756; x_wconf 85' lang='lat' dir='ltr'><strong>ultra</strong></span> <span class='ocrx_word' id='word_1_356' title='bbox 1130 2721 1306 2766; x_wconf 89' lang='lat' dir='ltr'><strong>duplicem</strong></span> <span class='ocrx_word' id='word_1_357' title='bbox 1342 2733 1475 2756; x_wconf 89' lang='lat' dir='ltr'><strong>murum</strong></span> <span class='ocrx_word' id='word_1_358' title='bbox 1506 2728 1541 2757; x_wconf 79' lang='lat' dir='ltr'><strong>et</strong></span> <span class='ocrx_word' id='word_1_359' title='bbox 1567 2722 1727 2758; x_wconf 86' lang='lat' dir='ltr'><strong>Orestia..</strong></span> 
     </span>
     <span class='ocr_line' id='line_1_42' title="bbox 271 2768 1728 2816; baseline 0.001 -14"><span class='ocrx_word' id='word_1_360' title='bbox 271 2768 360 2802; x_wconf 87' lang='lat' dir='ltr'><strong>dem.</strong></span> <span class='ocrx_word' id='word_1_361' title='bbox 411 2768 548 2802; x_wconf 81' lang='lat' dir='ltr'><strong>Manuel</strong></span> <span class='ocrx_word' id='word_1_362' title='bbox 583 2779 669 2803; x_wconf 85' lang='lat' dir='ltr'><strong>vero</strong></span> <span class='ocrx_word' id='word_1_363' title='bbox 703 2770 761 2813; x_wconf 88' lang='lat' dir='ltr'><strong>qui</strong></span> <span class='ocrx_word' id='word_1_364' title='bbox 795 2769 970 2803; x_wconf 85' lang='lat' dir='ltr'><strong>secundus</strong></span> <span class='ocrx_word' id='word_1_365' title='bbox 1007 2768 1050 2802; x_wconf 90' lang='lat' dir='ltr'><strong>ab</strong></span> <span class='ocrx_word' id='word_1_366' title='bbox 1075 2768 1140 2803; x_wconf 89' lang='lat' dir='ltr'><strong>illo</strong></span> <span class='ocrx_word' id='word_1_367' title='bbox 1180 2774 1254 2803; x_wconf 84' lang='lat' dir='ltr'><strong>erat</strong></span> <span class='ocrx_word' id='word_1_368' title='bbox 1283 2774 1453 2813; x_wconf 82' lang='lat' dir='ltr'><strong>tyrannus</strong></span> <span class='ocrx_word' id='word_1_369' title='bbox 1495 2770 1666 2816; x_wconf 85' lang='lat' dir='ltr'><strong>dignitate</strong></span> <span class='ocrx_word' id='word_1_370' title='bbox 1691 2771 1728 2804; x_wconf 90' lang='lat' dir='ltr'><strong>in</strong></span> 
     </span>
    </p>
   </div>
  </div>
 </body>
</html>
