1826 3120
266 138 360 192 104
458 193 460 195 ,
659 114 956 193 memnoni
995 146 1301 197 GREGORAE

261 256 334 298 καί
360 257 442 299 τῶν
470 257 666 299 ἐναντίων
695 251 824 305 αὖθις
850 256 1094 311 ὕπερτέροις
1131 258 1324 310 γίνεσθαι
1353 251 1625 306 καθίστατωί
1652 253 1726 300 καὶ
1766 263 1775 274 ‘⁴

262 323 330 365 ἵνα
358 322 458 373 τούς
484 322 613 364 πάλαι
644 321 950 375 καταλίπωμεν,
983 319 1063 375 ὅρα
1094 337 1168 373 μοι
1190 324 1510 364 Κωνσταντῖνον
1542 321 1616 366 τὸν
1642 325 1724 376 μέ-
1771 327 1781 364 ᾗ

259 404 338 443 γαν
378 391 422 432 ἐν
465 391 738 443 βασιλεῦσιν,
788 383 821 446 ᾧ
861 387 906 430 τὸ
955 391 1039 430 τῶν
1068 387 1359 442 ψευδωνύμων
1404 390 1533 442 σέβας
1561 388 1622 439 εἷς
1649 390 1724 432 τὸν
1750 382 1783 418 ⁴⁶

261 455 403 511 ἀληθῆ
429 456 717 509 μετενεγκόντι
746 453 847 497 θεὸν
876 459 1062 504 πλείονος
1107 451 1135 510 ἢ
1179 453 1285 496 κατὰ
1324 453 1483 503 πάντας
1509 453 1721 510 τοὺςπρό
1776 457 1780 460 ’

261 522 397 564 αὖτοῦ
429 514 630 576 βασιλέας
678 515 803 574 ἄρξαι
831 524 969 576 γέγονε
1007 525 1093 577 γῆς.
1165 513 1270 563 α’λλα
1316 527 1400 571 τοῖς
1440 527 1530 575 μετ’
1568 523 1756 564 sust-roff

260 588 405 639 εὔθὺς,
425 584 581 642 ἄρξασί
603 604 647 630 τε
678 579 750 630 καί
770 590 1021 643 ἀρξαμένοις
1044 588 1120 640 τὰς
1149 587 1331 644 αἱρέσεις
1353 587 1455 630 κατὰ
1482 590 1566 632 τῶν
1595 591 1723 632 θείων

260 653 477 709 δογμάτων
507 653 692 709 εἰσάγειν
725 658 798 710 τῆς
820 659 1010 709 πίστεως,
1043 658 1114 698 καί
1140 654 1239 698 θεὸν
1269 659 1478 711 ἐπιορκεῖν
1504 652 1551 698 ὃν
1577 649 1722 710 ἄκροις

259 718 442 776 ἔφασκον
474 723 612 775 σέβειν
633 727 716 771 τοῖς
729 722 927 775 χείλεσιν,
957 721 1088 772 eti-9134·
1119 724 1191 764 καί
1218 721 1264 764 τὸ
1290 725 1361 777 τῆς
1390 722 1526 776 α’ρχῆς
1561 722 1720 777 ἐκείνης

258 786 340 828 ὑπὸ
386 789 470 830 τῶν
508 789 677 844 ἐχθρῶν
713 790 848 844 ἠρέμα
880 792 951 831 καί
977 780 1093 832 ’κατὰ
1131 789 1280 846 μικρὸν
1310 790 1568 845 ζημιοῦσθαι
1597 789 1723 830 συνέ-

256 857 378 908 βαινε
407 857 599 909 μέγεθος.
1737 856 1783 908 10‘

144 918 242 959 v⁵30
385 920 501 964 Ἀλλ’
542 919 571 961 ὅ,
606 921 764 978 μακρὸς
805 925 1014 976 ἐπιλείψει
1054 939 1107 976 με
1147 922 1297 978 χρόνος
1341 924 1533 965 παλαιῶν
1574 938 1620 965 τε
1650 921 1724 965 καί

257 990 362 1030 νέων
388 987 702 1042 ὑποδειγμάτων
730 992 971 1045 μεμνῆσθαι
1002 989 1107 1044 πρὸς
1136 990 1208 1044 τὴν
1244 990 1326 1032 τῶν
1356 991 1585 1046 εἰρημένων
1614 987 1723 1045 α’λῆ-

258 1058 382 1097 θειαν
408 1057 598 1098 θέλοντα.
655 1059 779 1099 τοῦτο
809 1059 916 1099 d’ov’
936 1058 1045 1099 πάνυ
1073 1075 1110 1100 τι.
1141 1064 1378 1112 συγχωρεῖν
1405 1056 1479 1112 τήν
1505 1058 1580 1111 τῆς
1607 1046 1722 1099 ἱστο-

259 1136 355 1175 ριας
396 1118 618 1178 ἁπλότητα.
693 1123 758 1164 διὸ
813 1130 899 1173 τοῖς
947 1121 1142 1181 ῥηθεῖσιν
1180 1125 1309 1169 ἐκεῖνο
1342 1122 1472 1176 μόνον
1517 1125 1721 1176 προσθείς

260 1186 567 1242 ἀπαλλάξομαι.
627 1194 784 1243 μαθεῖν
811 1188 890 1245 γάρ
912 1189 1123 1245 ἐζητήκεις
1151 1188 1225 1232 καί
1252 1185 1364 1239 ὅπως
1389 1191 1471 1232 τῶν
1499 1190 1719 1245 προσεχοὸς
1735 1206 1778 1242 15

257 1255 330 1308 τῆς
361 1257 509 1304 κακίας
538 1256 681 1298 αἰτίων
708 1256 922 1311 ἀρχόντων
953 1254 1103 1311 ἥκιστα
1141 1254 1389 1310 πασχόντων
1418 1255 1565 1310 ἐνίοτε,
1593 1255 1722 1309 μόνον

258 1320 539 1375 πολυτρόποις
579 1324 819 1365 ὃαπανιῖται
866 1322 1022 1365 πάθεσι
1062 1322 1108 1365 τὸ
1142 1322 1342 1378 ὑπήκοον,
1371 1322 1529 1379 μικρὰν
1559 1321 1662 1372 ἴσως
1694 1316 1721 1378 ἢ

256 1386 467 1444 μηδεμίαν
504 1386 652 1444 ἑτέραν
695 1392 1113 1445 συνεισενεγκα’μενυν
1156 1390 1202 1432 τὸ
1250 1390 1452 1446 παράπαν
1493 1387 1603 1444 πλὴν
1642 1391 1720 1430 τοῦ

256 1456 492 1496 συνειδέναι
521 1458 594 1498 καί
621 1463 970 1510 συμπαρανομεῖν
1012 1457 1082 1499 διὰ
1117 1456 1266 1514 φόβον.
1341 1457 1540 1513 φαίνεται
1580 1458 1720 1497 τοίνυν

257 1517 314 1571 ὥς
343 1537 388 1575 γε
419 1523 501 1565 τῶν
531 1521 661 1565 πάλαι
689 1527 846 1577 βίβλων
878 1522 921 1566 αἱ
951 1528 1117 1574 πλείους
1156 1523 1207 1565 ου’
1235 1512 1392 1579 μικρὰς
1420 1524 1606 1566 συνιέναι
1635 1537 1780 1574 not-20

256 1592 409 1644 ρὲσχον
448 1589 523 1639 τοὶς
553 1585 778 1646 ἀφορμάς,
824 1591 897 1632 καί
933 1587 1022 1645 ἅμα
1062 1592 1085 1647 ἦ
1115 1591 1285 1646 χρόνιος
1328 1590 1445 1645 ἡμῶν
1478 1587 1591 1638 ὅπως
1617 1591 1719 1631 ποτὲ

254 1658 446 1698 πέπεικεν
483 1657 704 1713 ἐμπειρία,
745 1658 803 1706 αἷς
844 1652 904 1707 οἷς
943 1660 1024 1700 τῶν
1063 1657 1272 1714 ἡγεμόνων
1310 1656 1417 1712 μήτε
1460 1659 1544 1699 πᾶν
1570 1654 1615 1699 τό
1646 1658 1720 1711 τῆς

256 1723 394 1772 αἰτίας
425 1717 619 1779 ἄντικρυς
652 1725 813 1767 α’νεῖται
843 1726 886 1774 ἐς
914 1727 1064 1768 κακίαν
1096 1724 1330 1779 ἐνδόσιμον,
1354 1730 1447 1774 ταῖς
1476 1739 1521 1768 τε
1549 1739 1720 1782 συμφο-

1731 1866 1754 1880 s
1789 1857 1792 1860 .

252 1930 319 1965 bus
348 1935 459 1964 erant.
517 1937 624 1976 atque
662 1937 701 1965 ut
741 1937 865 1966 vetera
907 1932 1104 1965 omittamus
1138 1931 1405 1966 Constantinum
1429 1930 1591 1977 Magnum
1625 1933 1719 1967 inter
1767 1943 1772 1946 ·

254 1979 488 2022 imperatores
517 1979 745 2021 consideres,
772 1989 926 2024 quaeso,
954 1980 1031 2020 cui,
1059 1989 1163 2023 quum
1190 1979 1319 2012 cultum
1345 1979 1511 2021 deorum,
1541 1989 1611 2024 quo
1635 1981 1717 2025 qui-

254 2025 331 2059 dem
356 2027 500 2059 nomine
526 2036 712 2070 perperam
751 2027 1064 2070 nuncupabantur,
1102 2026 1144 2059 ad
1171 2036 1291 2059 verum
1330 2026 1432 2059 deum
1462 2026 1713 2069 transtulisset,

253 2074 417 2117 contigit,
443 2078 484 2106 ut
509 2073 699 2117 ampliores
729 2074 868 2117 imperii
894 2074 981 2107 fines
1007 2083 1107 2117 quam
1135 2083 1255 2106 omnes
1281 2079 1362 2107 ante
1388 2084 1465 2106 eum
1484 2074 1715 2117 imperatores

252 2119 321 2154 sibi
345 2120 554 2154 vindicaret.
604 2121 873 2164 imperatoribus
899 2126 1014 2154 autem
1033 2125 1112 2164 post
1140 2131 1231 2162 eum,
1257 2121 1316 2165 qui
1349 2120 1607 2154 haereticorum
1633 2122 1714 2166 opi..

252 2167 380 2201 niones
407 2167 443 2200 in
469 2168 589 2201 divina
614 2168 695 2201 fidei
722 2168 883 2212 dogmata
917 2168 1086 2201 inducere
1124 2169 1324 2212 deumque,
1353 2178 1456 2212 quem
1481 2178 1520 2201 se
1547 2169 1714 2203 extremis

254 2214 364 2248 labris
390 2214 513 2247 colere
539 2215 715 2257 dicebant,
743 2216 908 2258 peierare
933 2215 1165 2258 incipiebant,
1181 2215 1308 2248 statim
1325 2215 1527 2260 magnitudo
1554 2214 1619 2249 illa
1644 2216 1714 2248 im..

252 2262 344 2306 perii
370 2262 413 2295 ab
439 2261 600 2296 hostibus
626 2263 757 2296 sensim
782 2262 1036 2307 paullatimque
1063 2262 1332 2296 diminuebatur.

387 2325 456 2359 Sed
481 2325 626 2370 longum
652 2331 789 2370 tempus
814 2337 876 2359 me·
896 2327 1077 2368 deficeret,
1104 2327 1133 2360 si
1158 2332 1280 2360 vetera
1308 2331 1342 2359 et
1366 2327 1527 2360 recentia
1553 2326 1714 2371 exempla

253 2373 296 2407 ad
322 2375 509 2407 veritatem
535 2374 707 2407 dictorum
746 2374 1014 2407 confirmandam
1046 2374 1208 2417 proferre
1234 2373 1386 2415 vellem,
1425 2373 1469 2408 id-
1486 2373 1579 2418 quod
1605 2375 1711 2407 etiam

254 2420 359 2464 plane
385 2420 428 2453 ab
458 2420 628 2454 historiae
657 2421 885 2465 simplicitate
912 2421 1067 2454 alienum
1102 2417 1207 2455 esset.
1272 2430 1381 2465 quare
1407 2419 1477 2454 hoc
1501 2425 1632 2460 tantum
1657 2421 1714 2454 di-

253 2469 319 2501 ctis
344 2468 466 2501 addam
493 2468 704 2512 dicendique
740 2469 844 2502 finem
886 2468 1021 2502 faciam.
1081 2477 1300 2513 cognoscere
1333 2467 1424 2500 enim
1450 2468 1590 2510 studes,
1621 2478 1714 2513 quo..

252 2516 355 2548 modo
383 2515 454 2556 fiat,
481 2521 533 2557 ut,
559 2526 663 2560 quum
681 2516 927 2560 imperatores,
959 2516 1117 2560 quamvis
1133 2515 1301 2548 continuo
1327 2514 1560 2557 improbitatis
1587 2520 1714 2548 aucto-

252 2573 312 2595 res
339 2563 420 2603 sint,
447 2563 589 2596 minima
615 2568 731 2597 tamen
757 2563 848 2596 mala
873 2564 1047 2597 interdum
1074 2563 1269 2606 patiantur,
1304 2562 1455 2595 subiecti
1480 2562 1524 2595 iis
1552 2561 1713 2595 homines

253 2608 508 2652 multiplicibus
532 2603 789 2644 calamitatibus
805 2610 1076 2651 conflictentur,
1102 2609 1188 2643 licet
1213 2619 1354 2653 parvam
1375 2608 1525 2642 fortasse
1542 2613 1604 2642 aut
1628 2608 1714 2642 nul-

254 2656 324 2690 lam
350 2656 455 2690 aliam
481 2657 621 2701 culpam
659 2657 861 2700 attulerint,
887 2658 956 2691 nisi
991 2657 1085 2702 quod
1111 2657 1244 2691 conscii
1281 2661 1379 2690 erant
1416 2661 1450 2689 et
1474 2661 1569 2690 metu
1597 2656 1713 2689 coacti

256 2703 346 2737 socii
370 2703 615 2747 improbitatis.
683 2711 722 2738 ut
747 2705 856 2748 igitur
889 2705 989 2738 multi
1025 2709 1184 2738 veterum
1225 2703 1394 2737 librorum
1420 2703 1619 2737 adiumenta
1642 2712 1714 2736 non

258 2751 387 2795 exigua
424 2751 467 2784 ad
502 2753 576 2787 eius
614 2753 666 2785 rei
703 2753 943 2796 cognitionem
978 2751 1079 2787 nobis
1105 2750 1299 2788 attulerunt
1333 2756 1369 2784 et
1401 2751 1564 2785 diuturna
1595 2754 1714 2786 nostra
