1852 3138
277 173 375 222 388
675 174 975 221 NICEPHORI
1014 174 1319 221 GREGORAE

276 286 393 326 θεῖον
426 285 582 326 ἐκεῖνον
625 284 698 325 καί
734 282 953 337 πάνσοφον
991 275 1126 335 ἄνδρα
1171 278 1192 322 ὃ
1243 284 1431 336 γενναῖος
1473 281 1623 331 ἐκεῖνος
1663 280 1741 332 καὶ,

277 346 508 405 ὁμότροπος
538 346 724 403 α’θλητὴς
746 346 845 391 “τὸν
879 350 1016 389 τίτ-λον
1044 352 1116 402 τῆς
1146 349 1222 402 σῆς
1251 342 1390 400 ὅψεως
1420 343 1566 390 ἰδόντα
1591 363 1735 402 παρα-

276 421 417 471 χωρεῖ
439 413 491 457 τὰ
519 417 728 469 χερουβίμ
758 415 835 456 τοῦ
867 412 993 466 ’ξύλου
1027 415 1101 468 τῆς
1131 414 1256 468 ζωῆς,
1288 413 1312 468 ἦ
1346 415 1391 456 δὲ
1423 414 1599 470 φλογ,ι’νη
1626 412 1733 471 ρὀμ-

279 483 388 538 φαία
417 483 606 535 εὔλαβαῗς
639 480 687 523 τὰ
718 480 829 523 νῶτά
861 496 929 523 σοι
959 481 1133 533 δίδωσι,
1164 479 1355 537 πάνσοφε
1386 479 1623 536 Θεόδωρε.”
1663 481 1736 524 καί

276 548 404 591 πάλιν
427 547 477 590 “ὃ
508 549 639 598 τίτλος
669 546 801 589 πάλαι
830 548 908 601 μὲν
936 550 986 604 τῇ
1014 549 1181 605 κορυφῇ
1211 542 1502 590 ἐπέκειτοτοῦ
1527 549 1767 601 βασιλέως5

276 616 496 671 Χριστοῦ,
534 613 864 669 ἐγγεγραμμένος
893 612 1001 673 ξύλῳ
1035 617 1110 657 τοῦ
1136 615 1354 670 σταυροῦ·
1417 613 1438 657 ὁ
1468 615 1515 656 δὲ
1542 613 1618 664 οός
1644 614 1734 656 τίτ-

274 685 357 735 λος,
387 681 601 738 πάνσοφε,
631 683 681 737 τῇ
724 683 776 738 σῇ
805 683 1057 723 κεκόλαπται
1087 683 1398 736 κεχαραγμένος
1436 678 1536 737 ὄψει
1566 680 1734 725 εὐκλεέ-

273 748 456 805 στερον.”
523 747 596 790 καί
633 745 759 790 πάλιν
797 745 1019 802 “timeo-9824·
1049 750 1121 792 ἐπὶ
1149 749 1337 803 σταυροῦ
1382 746 1514 791 πάλαι
1542 747 1734 804 Χριστὸς

273 813 472 871 ε’κεντήθη
501 815 575 870 τὴν
603 813 813 870 πλευράν·
872 813 925 857 σύ
958 816 1004 857 δὲ
1035 815 1173 864 τεθείς
1203 816 1249 857 έν
1275 813 1383 873 ξύλῳ
1413 817 1627 872 καρτερῶς
1657 813 1734 864 τοῖς

274 880 485 936 κεντήσεις
509 882 746 937 ὑπέμεινας,
777 878 915 936 ὥσπερ
949 881 1064 937 κριὸς
1093 884 1310 937 ἐπίσημος,
1337 880 1583 936 ἱερομιῖστα,
1615 897 1732 938 σφα·
1747 885 1792 920 10

187 962 259 997 21
274 947 533 1003 γιζόμενοςῗ
590 949 672 1002 ἐγώ
701 950 748 990 δὲ
767 946 994 1001 πάμπολλα
1018 949 1152 1003 λέγειν
1179 947 1288 1003 ἔχων
1315 950 1488 992 τοιαῦτα
1510 947 1582 991 καί
1597 950 1732 1002 μείζω

275 1014 452 1069 τούτων,
481 1015 533 1057 ου’
559 1010 769 1069 βου’λομαι
800 1021 886 1064 τοῖς
921 1017 1089 1058 α’κούειν
1122 1011 1270 1069 η’κιστα
1299 1018 1571 1070 βουλομένοις
1598 1017 1735 1061 δοκεῖν

276 1082 494 1138 ε’παχθής·
531 1076 591 1131 οἷς
619 1080 701 1136 γὰρ
732 1081 777 1124 τὸ
809 1083 967 1137 α’ρκοῦν
991 1082 1066 1123 οὔκ
1098 1082 1234 1139 α’ρκεῖ,
1260 1081 1429 1133 τούτοις
1458 1084 1625 1138 α”ρκὲσει
1650 1077 1734 1124 τίῆν

276 1147 444 1191 πάντων
473 1150 608 1200 οὐδέν,
641 1149 729 1190 οὔδ’
762 1143 815 1191 ἂν
845 1146 891 1190 εὶ
913 1165 974 1198 τις
1005 1148 1177 1204 νικήσας
1206 1148 1282 1205 τὴν
1301 1150 1573 1206 α’νθρωπίνην
1605 1150 1737 1206 φύσιν

275 1215 492 1270 βρονταὲδη
524 1217 769 1294 φθέγγηται.
829 1210 933 1258 ὅπου
963 1213 1042 1269 γὰρ
1073 1215 1279 1258 τοσούτων
1310 1215 1423 1271 ὑπὲρ
1445 1215 1582 1259 αὐτοῦ
1599 1215 1737 1272 βοών-
1750 1223 1793 1259 15

276 1299 358 1326 των
387 1279 458 1324 δια
491 1280 627 1338 πάσης
652 1283 727 1337 τῆς
755 1285 1000 1338 οἰκουμένης
1030 1281 1109 1325 α’νιὶ
1140 1285 1224 1326 πᾶν
1239 1281 1329 1334 ἔτος
1350 1285 1421 1326 καί
1438 1284 1598 1338 χρόνου
1628 1301 1738 1327 παν-

275 1348 347 1398 τὸς
374 1351 597 1403 περίοδον,
634 1353 708 1392 καί
753 1348 802 1392 ὃν
834 1349 997 1392 οὖτωσί
1027 1366 1113 1399 πως
1158 1350 1364 1404 ὑμνοῦσιν
1408 1347 1627 1404 ἄνθρωποι
1656 1351 1736 1404 μὲν

279 1415 361 1457 α’πὸ
386 1417 461 1470 γῆς
490 1415 564 1457 καί
590 1416 810 1473 θαλάσσης
839 1416 913 1458 καί
938 1419 1071 1473 πάσης
1099 1414 1212 1474 ἑῴας
1237 1420 1308 1459 καί
1334 1413 1532 1472 ἑσπερίου
1566 1414 1735 1472 λήξεως,

278 1481 350 1524 καί
382 1476 416 1540 ᾧ
444 1481 493 1525 τά
523 1483 594 1525 διὰ
629 1485 816 1538 Χριστὸν
856 1484 961 1538 ὑπὲρ
1011 1483 1229 1538 εὐσεβείας
1272 1484 1478 1539 στίγματα
1508 1482 1552 1526 τὸ
1576 1499 1738 1538 χερον-

278 1551 356 1602 βίμ
386 1549 584 1592 αἰδεσθὲν
606 1552 681 1592 τοῦ
704 1549 831 1602 ξύλου
854 1557 1114 1606 παραχωρεῖ
1128 1551 1201 1606 τῆς
1221 1552 1346 1606 ζωῆς,
1381 1552 1454 1594 καί
1481 1544 1527 1609 ᾦκ
1543 1549 1596 1593 τὰ
1628 1552 1735 1594 νῶτα
1747 1553 1793 1590 20

281 1617 454 1658 δίδωσιν
483 1615 507 1671 ἧ
539 1619 713 1673 φλογίνη
743 1614 953 1673 ῥομφαία,
991 1619 1134 1661 τοῦτον
1164 1617 1239 1660 ουίι
1269 1619 1424 1660 εἰδέναι
1452 1619 1582 1674 φησίν
1610 1617 1632 1660 ὅ
1660 1635 1738 1660 τα·-

281 1686 495 1737 λαίπωρος
523 1684 682 1738 οὑτοσί,
718 1687 780 1734 τίς
819 1680 871 1726 ἂν
910 1687 1066 1739 γένοιτο
1097 1684 1266 1741 μηχανὴ
1313 1686 1385 1740 τῆς
1415 1682 1638 1741 ἀμηχάνου
1667 1687 1740 1727 καί

190 1763 264 1799 aa
280 1752 444 1805 λιθίνης
491 1750 632 1792 αὐτοῦ
674 1753 929 1795 καθικέσθαι
970 1753 1114 1808 ψυχῆς
1148 1754 1380 1808 δυναμένη;
1419 1752 1516 1805 ἐμοί
1547 1751 1626 1805 μὲν
1662 1746 1738 1794 οὖν

281 1959 316 1988 et
339 1953 599 1997 sapientissimo
627 1954 704 1988 viro
730 1952 796 1988 illo
838 1953 940 1988 fortis
964 1954 1023 1988 hic
1050 1959 1085 1988 et
1109 1954 1292 1988 unanimus
1331 1953 1407 1987 eins
1432 1953 1591 1987 laborum
1617 1954 1735 1988 socius

278 2000 457 2045 loquitur:
491 2000 662 2034 “titulum
702 2001 807 2035 faciei
845 2007 927 2035 tuae
951 2002 1153 2036 anteferunt
1188 2000 1369 2035 cherubim
1408 2000 1508 2046 ligno
1544 2001 1661 2044 vitae,
1701 2006 1737 2035 et

280 2049 374 2081 ensis
410 2047 588 2082 flammeus
625 2049 688 2082 tibi
716 2058 785 2081 non
815 2049 1061 2094 destringitur,
1095 2047 1278 2092 praeclare
1313 2047 1535 2081 Theodore.'’
1592 2059 1733 2082 rursus:

279 2095 430 2129 “titulus
457 2094 541 2128 olim
579 2105 684 2139 supra
708 2101 812 2140 caput
846 2101 921 2130 erat
946 2096 1075 2130 domini
1103 2095 1234 2131 Christi
1259 2095 1450 2139 inscriptus
1486 2095 1585 2139 ligno
1606 2096 1733 2129 crucis.

277 2148 358 2176 tuus
384 2148 499 2175 autem
523 2142 669 2185 titulus,
695 2143 875 2187 ptaeclare
892 2168 902 2186 ,
938 2143 1068 2177 clarior
1101 2143 1290 2187 inscriptus
1327 2147 1380 2176 est
1406 2142 1510 2176 faciei
1535 2147 1617 2176 tuae
1642 2142 1735 2176 dila-

280 2189 458 2223 ceratae.”
499 2200 642 2223 rursus:
672 2195 839 2224 “erectus
866 2191 901 2225 in
927 2201 1032 2224 cruce
1052 2190 1135 2223 olim
1162 2189 1321 2225 Christus
1348 2190 1384 2222 in
1409 2189 1523 2222 latere
1547 2199 1734 2233 percussus

281 2242 353 2269 est·
371 2242 408 2269 tu
422 2241 587 2269 extensus
604 2237 640 2270 in
656 2236 755 2282 ligno
776 2238 1024 2281 percussiones
1044 2237 1181 2270 fortiter
1199 2246 1320 2280 passus
1339 2247 1376 2270 es
1401 2235 1501 2270 velut
1518 2241 1637 2271 taurus
1654 2237 1736 2271 vic-

278 2284 362 2316 tima
388 2294 408 2316 a
433 2284 597 2317 sacrifico
611 2286 806 2318 mactatus?
851 2286 912 2319 sed
935 2286 1019 2319 satis
1040 2284 1148 2318 haec.
1175 2294 1242 2329 ego
1268 2283 1465 2316 huiusmodi
1490 2283 1559 2317 alia
1575 2283 1683 2317 muita
1701 2288 1737 2316 et

279 2330 381 2374 plura
407 2331 527 2364 dicere
553 2341 693 2374 possum
719 2332 780 2365 sed
802 2331 887 2365 nolo
914 2343 959 2366 ne
975 2332 1117 2365 auribus
1142 2341 1213 2364 non
1241 2330 1389 2374 amplius
1414 2330 1535 2364 audire
1556 2331 1735 2374 cupienti..

278 2377 343 2410 bus
358 2377 526 2411 molestus
544 2379 620 2411 sim.
647 2378 772 2423 quibus
795 2384 911 2412 autem
926 2379 1015 2412 haec
1033 2389 1123 2423 quae
1145 2378 1230 2412 satis
1251 2382 1343 2419 sunt,
1367 2387 1438 2411 non
1459 2378 1542 2411 satis
1561 2383 1653 2419 sunt,
1682 2377 1734 2410 his

278 2424 370 2457 nihil
398 2426 540 2458 omnino
560 2426 645 2458 satis
672 2431 743 2468 est,
786 2427 889 2459 etiam
925 2427 954 2460 si
989 2427 1066 2471 quis
1102 2426 1195 2470 quod
1224 2435 1327 2468 supra
1367 2425 1463 2458 vires
1491 2425 1656 2458 humanas
1683 2429 1737 2457 est

278 2473 434 2505 tonitrua
461 2473 551 2505 edat.
602 2483 707 2516 quum
751 2474 843 2506 enim
879 2474 978 2506 cuius
1011 2483 1069 2507 res
1107 2478 1224 2506 tantae
1259 2471 1506 2516 praedicantur
1542 2482 1606 2516 per
1629 2477 1735 2505 totam

281 2518 468 2552 ecclesiam
495 2520 530 2552 in
556 2519 717 2565 singulos
756 2530 866 2554 annos
893 2526 928 2553 et
952 2526 1131 2564 tempora,
1156 2529 1258 2564 quem
1284 2519 1336 2552 sic
1369 2524 1496 2562 gentes
1522 2524 1736 2553 venerantur

278 2575 343 2608 per
370 2576 465 2599 mare
492 2577 533 2599 ea
558 2568 797 2600 continentem
822 2568 865 2601 ab
893 2567 981 2601 solis
1007 2573 1086 2601 ortu
1112 2572 1147 2600 et
1171 2576 1316 2608 occasu,
1341 2566 1441 2599 cuius
1469 2571 1614 2609 propter
1627 2565 1732 2601 Chri-

277 2618 368 2646 etum
395 2622 458 2656 pro
484 2614 617 2656 pietate
643 2613 785 2647 dolores
804 2615 984 2648 cherubim
1012 2615 1185 2648 honorant
1204 2614 1315 2658 magis
1338 2623 1439 2657 quam
1465 2612 1599 2657 lignum
1625 2614 1734 2654 vitae,

279 2660 336 2693 cui
363 2661 456 2693 ensis
474 2660 651 2695 flammeus
668 2671 740 2694 non
757 2662 1006 2706 destringitur:
1030 2671 1106 2695 cum
1125 2661 1217 2695 dicat
1237 2661 1453 2693 miserrimus
1478 2661 1546 2694 iste
1565 2670 1605 2694 se
1627 2660 1735 2704 igno-

277 2716 381 2739 rare:
408 2717 498 2751 quae
522 2708 661 2741 tandem
687 2718 819 2752 quaero
837 2719 895 2742 res
920 2714 988 2742 tam
1015 2709 1135 2753 gravis
1159 2712 1223 2750 est,
1249 2706 1465 2740 immobilem
1487 2707 1563 2741 eius
1589 2712 1625 2741 et
1649 2716 1735 2751 per-

278 2753 401 2788 durum
425 2754 578 2788 animum
619 2755 821 2800 percellere
859 2760 976 2802 queat.
1039 2765 1147 2801 quare
1174 2764 1241 2801 ego
1267 2764 1394 2800 magna
1418 2754 1566 2800 quadam
1592 2758 1628 2789 et
1652 2753 1734 2789 infi-
