1786 3138
220 143 316 198 524
428 208 432 211 Ι
595 147 907 206 ΝισΕΡΗοιὶι
949 144 1254 192 ennoean:
1362 166 1385 200 :2
1419 174 1453 201 ,ψ
1486 165 1553 202 ψη

219 261 379 317 πένησι,
410 260 483 302 καί
512 261 620 302 πᾶσι
650 254 803 310 σχεδὸν
820 259 1004 336 λογικοῖς
1028 254 1101 296 καὶ
1124 254 1302 311 ἀλόγοις,
1331 252 1439 298 ὅταν
1458 258 1545 307 τοῖς
1570 257 1670 312 βελ-
1714 304 1716 306 ‚

218 327 328 371 τίοσι
341 327 624 382 νομοθετῶσιν
643 323 678 365 οἱ
696 323 909 365 κάκιστοι·
957 322 1004 363 οὗ
1021 320 1102 378 γὰρ
1122 320 1167 364 τὸ
1195 319 1427 401 διεφθορὸς
1439 323 1522 365 τῶν
1537 320 1670 379 ορων-

219 410 301 436 των
330 392 637 446 κατευθυνθείη
662 387 711 432 ἄν
727 404 824 432 ποτε
843 386 948 443 πρὸς
967 387 1175 442 εὖνομίαν,
1207 387 1296 431 οὐδ’
1326 386 1370 430 εἴ
1381 405 1424 431 τι
1439 389 1585 445 νοσοίη
1598 390 1671 445 τῆς
1722 409 1727 446 3

220 460 443 509 πολιτείας,
475 455 855 513 παρασκευασθείη
882 454 988 511 πρὸς
1014 453 1088 510 τὴν
1118 453 1218 511 πρὶν
1249 453 1668 514 εὖεξίανπαλινδρο-
1704 455 1705 458 '

218 531 324 581 μεῖν,
355 523 461 566 ἀλλὰ
491 526 635 581 πολλῷ
659 522 899 566 τούναντίον
915 523 1061 578 γένοιτ’
1098 519 1158 573 ἄν,
1187 521 1705 580 παραπαιδαγωγοῦντοςῦ
1729 561 1735 564 ,

220 593 293 634 τοῦ
319 591 581 646 χοροστάτου
611 590 684 632 καί
715 589 986 640 διδασκάλου,
1016 589 1089 631 καί
1123 589 1329 642 χωλεύειν
1356 591 1571 641 ποιοῦντος
1599 591 1673 636 τοῦ

220 659 351 700 καλοῦ
387 658 460 698 καί
485 658 558 711 τῆς
589 656 791 712 ἀληθείας
826 654 897 697 τὸν
946 656 1115 712 δρόμον.
1168 655 1381 712 πρόξενος
1418 653 1504 713 ’γὰρ
1550 655 1674 706 αὐτὸς

222 721 414 778 ἄντικρυς
450 722 608 778 γίνεται
641 726 779 764 νοσεῖν
822 722 895 764 καί
920 720 966 764 τὸ
1016 721 1223 778 ὑγιαῖνον,
1258 723 1331 765 καὶ
1357 723 1401 774 ἐξ
1431 721 1578 779 οὐρίας
1608 722 1674 766 ἀεὶ

218 790 485 843 καταβαίνειν
513 789 620 844 πρὸς
656 786 702 830 τὸ
735 788 1037 845 φθειρόμενον
1122 790 1195 832 καί
1237 787 1262 831 ὃ
1297 788 1371 845 τὴν
1407 789 1589 846 ἐρημίαν
1617 788 1674 840 ὥς
1738 837 1742 841 Γ

218 856 371 898 ἐπίπαν
408 854 607 910 ἐκτήσατο
629 856 883 911 πάρεδρον,
929 855 1258 912 ἀντιφωνοῦντος
1301 854 1416 913 αὐτῷ
1438 848 1532 907 ,τοῦ
1574 857 1671 911 βίου
1687 859 1734 897 10

215 926 301 970 τοῖς
331 922 467 977 λόγοις
497 922 571 964 καί
598 916 626 978 ᾗ
651 922 842 964 τέτακται
873 921 1096 978 διοικήσει·
1141 920 1283 978 ὥσπερ
1314 921 1414 979 γάρ,
1432 919 1673 978 δικαιοσῦνη

218 988 436 1037 κοινωνίας
466 988 700 1043 ποιητικόν,
734 986 865 1037 οὕτως
898 988 1170 1044 ἀκοινώνητον
1212 987 1356 1032 ἀδικία
1383 988 1456 1042 καὶ
1483 988 1674 1039 σύνοικον

218 1055 392 1112 ἐρημίᾳ,
421 1054 613 1111 θηριώδη
659 1056 841 1097 ποιοῦσα
876 1054 948 1097 τὸν
986 1056 1079 1110 βίον
1106 1055 1178 1097 καί
1218 1052 1674 1112 παντάπασινάγριον.

130 1120 289 1176 48τήν
318 1121 397 1177 γάρ
427 1138 491 1163 τοι
519 1122 640 1164 πόλιν
668 1124 710 1174 ἐξ
737 1123 879 1164 οἰκιῶν
909 1123 1182 1178 συγκειμένην
1211 1123 1453 1178 κοινωνικῆς
1482 1121 1675 1174 εὐταξίας
1744 1169 1746 1172 y

219 1187 414 1241 θεμέλιον
458 1183 567 1229 εἶναι
612 1188 768 1245 ἀνάγκη
810 1190 883 1231 καί
922 1190 1062 1243 νόμων
1104 1189 1285 1232 δικαίων,
1321 1188 1675 1246 ἐμπεφρακγμὲνην
1688 1188 1758 1246 15⁵3

222 1256 411 1308 δεσμοῖς·
473 1249 509 1313 ᾧ
535 1257 635 1312 γοῦν
664 1256 798 1305 οἰκίας
845 1258 898 1298 δι’
931 1255 1123 1310 ἀμαθίαν
1161 1256 1233 1297 τοῦ
1271 1256 1511 1312 κρείττονος
1529 1254 1674 1311 {into-9³

222 1320 419 1376 ἁρμόττει
455 1323 715 1378 προστασία,
761 1323 993 1364 πολλοστοῦ
1018 1320 1128 1371 τινὰς
1172 1322 1330 1378 μέρους
1355 1323 1526 1378 μακρᾶς
1554 1326 1673 1364 πολι-

220 1388 346 1438 τειάς,
375 1389 532 1430 πολλοῦ
559 1392 671 1443 μέντ’
704 1386 753 1431 ἂν
783 1388 942 1444 δεήσειε
966 1388 1141 1438 δεόντως
1170 1388 1331 1439 πόλεως
1361 1387 1460 1444 ὅλης
1486 1390 1673 1446 προστῆ-

197 1445 301 1495 ναι.
360 1453 415 1504 ὥς
445 1457 544 1510 γοῦν
567 1456 650 1497 τῶν
680 1455 917 1511 ἀνθρώπων
948 1448 984 1513 ᾧ
1018 1456 1109 1510 δίκη
1137 1456 1210 1498 καί
1238 1454 1410 1510 εὐνομία
1438 1452 1673 1511 συντέθραή

219 1535 331 1570 πται,
371 1520 497 1577 τούτῳ
528 1522 600 1564 καὶ
636 1520 681 1564 τὸ
711 1523 910 1578 βελτίστῳ
940 1538 985 1563 τε
1016 1517 1223 1563 εἶναικαὶ
1252 1520 1358 1563 κατὰ
1383 1521 1434 1571 ,τό
1461 1522 1674 1576 βέλτιστον
1686 1525 1732 1571 20
1761 1539 1767 1573 j

221 1583 366 1642 ἄρχειν
395 1589 676 1644 προσγίνεται,
708 1587 838 1638 οὕτως
855 1605 886 1630 ω
916 1588 987 1644 μή,
1013 1588 1140 1644 τούτῳ
1158 1587 1231 1630 καὶ
1246 1588 1447 1645 χειρίστῳ
1479 1588 1674 1644 γίνεσθαι

219 1652 326 1694 κατὰ
359 1652 404 1695 τὸ
455 1653 680 1697 ἀντίπαλον
726 1655 871 1698 ε’πεται
914 1656 987 1697 καί
1025 1652 1301 1733 παγχάλεπον
1339 1669 1485 1735 αρχειν
1524 1653 1672 1710 ἀρχή-,ν

131 1716 235 1754 49²
220 1716 380 1775 ὄργανα
411 1720 492 1776 γὰρ
523 1737 567 1762 εκ
600 1720 769 1777 φύσεως
800 1719 1042 1778 ανθρωπος
1070 1719 1181 1773 ἒχων
1222 1718 1328 1777 πρὸς
1359 1720 1518 1777 ἀρετων
1546 1721 1672 1777 ἐργα-

221 1786 317 1830 σίαν
346 1788 591 1839 πολυειδῶν,
624 1789 661 1829 εἰ
690 1787 749 1844 μὴ
777 1789 969 1844 βούλοιτο
990 1789 1082 1845 δίκῃ
1100 1803 1143 1829 τε
1170 1787 1244 1830 καί
1274 1786 1444 1847 ευνομία
1474 1789 1671 1830 διοικεῖσ-

219 1982 377 2017 omnibus
411 1984 535 2027 peritis
574 1989 608 2018 et
631 1985 825 2030 imperitis,
859 1986 890 2021 si
922 1986 1127 2021 melioribus
1166 1986 1310 2031 pessimi
1342 1985 1528 2030 imperant.
1590 1996 1670 2020 nam

217 2030 475 2074 praefectorum
499 2032 758 2076 improbitatem
782 2043 854 2067 non
892 2034 1065 2068 direxeris
1092 2044 1245 2078 unquam
1276 2034 1320 2068 ad
1342 2031 1453 2067 bonas
1477 2032 1578 2078 leges
1601 2044 1670 2068 nec

216 2077 246 2111 si
272 2078 354 2121 quid
379 2078 580 2122 respublica
605 2085 768 2125 aegrotet
793 2081 835 2114 ad
860 2082 1042 2125 pristinam
1070 2081 1276 2115 felicitatem
1302 2081 1453 2114 reditum
1478 2080 1586 2114 facile
1611 2081 1668 2114 ef.

217 2124 370 2166 feceris,
398 2125 460 2158 sed
488 2126 593 2169 plane
628 2128 839 2161 contrarium
866 2129 1009 2170 feceris,
1037 2139 1139 2173 quam
1165 2129 1195 2162 si
1217 2127 1418 2162 chorostata
1441 2133 1476 2161 et
1501 2128 1670 2172 magister

217 2172 367 2205 instituit
403 2178 437 2205 ct
469 2173 670 2207 claudicare
704 2175 808 2208 docet
840 2176 932 2209 inter
967 2175 1106 2219 pulchri
1147 2181 1183 2209 et
1206 2175 1283 2209 veri
1308 2173 1501 2208 caucellos.
1551 2175 1670 2209 vicina

216 2218 282 2253 sibi
309 2225 490 2262 aegrotum
518 2226 553 2253 et
581 2221 734 2255 validum
762 2227 796 2255 et
823 2232 1031 2266 prosperum
1053 2233 1192 2266 semper
1215 2227 1352 2266 spectat
1377 2222 1434 2255 ad·
1444 2232 1584 2255 vanum.
1634 2228 1672 2256 et

217 2266 247 2300 si
285 2266 361 2320 quis
400 2267 574 2301 desertum
616 2270 714 2311 quasi
749 2270 881 2303 socium
913 2270 980 2303 sibi
1017 2270 1199 2312 sumserit,
1229 2269 1304 2302 eius
1326 2269 1400 2303 vita
1426 2279 1446 2302 a
1469 2268 1611 2313 legibus
1635 2275 1670 2303 et

219 2322 286 2357 qua
311 2313 470 2347 instituta
497 2320 550 2348 est
571 2316 715 2350 vivendi
740 2318 878 2350 ratione
897 2318 1087 2360 discrepat.
1137 2316 1423 2361 quemadmodum
1450 2316 1541 2349 enim
1562 2317 1668 2350 iusti-

217 2361 265 2392 tia
295 2361 594 2395 consociationem
622 2362 726 2405 facit,
749 2365 797 2397 ita
830 2365 1018 2397 disiunctio
1048 2364 1090 2397 ab
1117 2363 1250 2397 iustitia
1277 2368 1311 2396 et
1337 2363 1373 2396 in
1399 2363 1540 2397 deserto
1567 2363 1669 2397 habi-

218 2407 304 2439 tatio
330 2406 514 2441 bestialem
545 2414 580 2442 et
603 2411 744 2443 omnino
764 2411 946 2444 immanem
965 2413 1072 2445 vitam
1095 2411 1221 2444 reddit.
1269 2409 1391 2443 urbem
1418 2410 1509 2443 enim
1537 2420 1580 2444 ex
1603 2420 1669 2448 ‚ae-

217 2453 343 2486 dificiis
371 2456 597 2498 compositam
627 2458 791 2500 publicae
817 2458 940 2492 salutis
967 2459 1228 2492 fundamentum
1255 2467 1333 2491 esse
1361 2462 1396 2490 et
1419 2457 1586 2491 iustarum
1611 2457 1670 2491 le-

217 2510 297 2543 gum
325 2501 525 2535 obstrictam
553 2504 723 2538 cancellis
755 2516 905 2539 necesse
932 2511 997 2539 est.
1067 2506 1123 2538 cui
1156 2505 1264 2549 igitur
1302 2503 1346 2537 ob
1369 2504 1543 2538 inscitiam
1571 2514 1669 2538 com-
1695 2504 1703 2515 “

217 2547 308 2581 modi
333 2548 475 2581 minime
501 2553 670 2584 convenit
694 2552 947 2586 administratio
976 2552 1130 2586 familiae
1147 2575 1158 2593 ,
1200 2557 1363 2595 tanquam
1389 2561 1536 2595 magnae
1562 2552 1670 2607 partis

217 2594 391 2636 civitatis,
428 2596 573 2630 multum
601 2599 714 2631 deerit
747 2604 786 2632 ut
822 2600 886 2632 toti
922 2599 999 2632 urbi
1038 2599 1182 2644 praesit.
1241 2598 1526 2642 quemadmodum
1562 2599 1671 2643 igitur

216 2639 334 2681 homo,
362 2642 417 2674 cui
443 2643 498 2682 ius
528 2649 562 2677 ct
586 2645 687 2689 leges
718 2646 859 2679 innatae
886 2652 978 2688 sunt,
1004 2647 1155 2690 optimus
1182 2655 1260 2679 esse
1295 2651 1330 2679 et
1355 2646 1486 2689 optime
1511 2655 1585 2678 rem
1609 2656 1670 2678 re..

217 2697 303 2730 gere
329 2689 452 2731 possit,
478 2691 538 2732 ita,
566 2693 622 2724 cui
642 2702 712 2725 non
735 2694 865 2735 insunt,
892 2694 1080 2736 pessimum
1102 2693 1178 2726 fieri
1205 2697 1240 2725 et
1265 2693 1416 2736 pessime
1451 2702 1524 2725 rem
1557 2692 1671 2726 admi..

217 2732 366 2768 nistrare
408 2744 484 2769 eum
521 2748 565 2771 ex
606 2740 780 2773 contrario
814 2741 984 2785 sequitur.
1043 2740 1145 2774 homo
1173 2740 1264 2774 enim
1301 2749 1330 2775 a
1346 2744 1478 2774 natura
1494 2738 1671 2783 praeditus
