1852 3138
220 550 292 584 12

224 607 234 624 Ι

132 1149 160 1184 f.
185 1146 258 1184 158
273 1157 302 1182 r.

303 163 407 211 382.
704 161 1002 208 NICEPHOm
1042 156 1348 204 GREGORAE
1537 126 1605 191 εἰ.)

307 622 390 660 ywv
421 602 619 658 αὐτήκοος
666 599 686 642 ὅ
720 605 942 658 Γρηγορᾶς
978 601 1154 656 γεγονώς
1186 599 1355 658 σφόδρα
1386 616 1432 643 τε
1464 599 1666 654 ἐξεπλάγη
1695 613 1764 640 και

309 274 640 328 ρεισενέγκαντες
659 272 703 313 τὸ
736 270 870 311 αὐτοῦ
887 284 933 323 γε
963 270 1210 322 ἐπέγραψαν
1238 280 1388 319 ονομα,
1417 263 1661 321 ἀνέγκλητος
1687 264 1807 318 μὲν
1851 309 1852 317 ¹

306 338 425 382 ἔσται
453 339 590 391 αιῗτός,
622 335 672 379 τοὶ
705 337 751 378 δὲ
777 335 925 389 βιβλία
950 329 1026 376 ου’·
1085 336 1124 377 εἰ
1154 335 1192 375 δ’
1221 333 1357 376 acto&
1382 332 1442 390 τῷ
1470 345 1558 374 οντι
1583 331 1765 385 βεβαίως
1804 352 1809 374 ;
1850 336 1852 346 ¹

307 407 440 459 εἰσίν,
471 405 579 458 ὁμοῦ
618 409 702 453 τοῖς
738 405 917 457 βιβλίοις
948 398 1031 456 ἄρα
1057 396 1294 456 ἀπόβλητος
1323 401 1396 442 καί
1421 398 1553 448 αὐτὸς
1580 399 1653 440 καί
1678 401 1766 446 τοῖς

308 467 448 520 ἄλλοις
479 470 700 526 αἱρετικοΐς
735 469 994 524 ἐναρίθμιος.

443 535 661 580 Τοσοότων
691 531 764 577 ουν
787 536 858 578 καί
886 532 994 578 οὕτω
1023 538 1230 590 μεγέθους
1259 534 1467 588 α’σεβεί-ας
1479 530 1662 588 ἐχόντων
1691 529 1800 578 λό-5
1803 528 1813 538 ⁵

310 666 479 728 ἄφωνος
537 667 699 723 ἔμεινεν
746 686 851 724 αχρι
895 685 962 710 και
1007 667 1048 716 ἐς
1090 664 1203 723 ὡρας
1246 665 1409 722 μακρόν
1451 683 1491 710 τι
1532 664 1764 719 διάστημα.
1798 712 1800 715 f

310 736 451 779 ἔπειτα
482 737 625 789 θυμοῦ
653 735 726 778 καί
755 735 881 792 ζήλου
912 737 1035 777 θείου
1063 734 1218 787 μεστός
1245 731 1423 789 γεγονώς
1452 731 1608 784 τοιάδε,
1638 748 1766 787 στρα-

311 804 405 859 φείς
434 803 538 858 πρὸς
568 801 640 845 τὸν
671 800 1040 856 Καντακουζηνόν,
1086 802 1204 857 φησί.
1265 803 1321 842 ’τί
1348 798 1432 855 μου
1463 798 1507 844 τὸ
1533 801 1667 855 γῆρας
1693 798 1767 840 οὐκ

311 871 384 927 ἐᾷς
416 871 609 924 ἠρεμεῖν,
641 869 730 911 ἀλλ’
770 869 1055 923 ἐπιβουλεύεις
1083 867 1174 921 οἷείς
1204 869 1252 910 τί
1273 883 1326 922 με
1355 873 1447 917 ταῖς
1473 872 1570 916 σαῖς
1595 866 1662 909 ἀεὶ
1691 880 1800 920 pce-1

311 938 439 991 ρι’ζων
468 934 681 989 αἱρέσεσιν
711 937 784 977 ov’n
814 934 1044 991 ἐνάρκησας
1074 935 1166 976 οὔδ’
1193 935 1274 989 ὀψὲ
1301 937 1375 989 τῆς
1405 935 1567 989 ἧλικιάς
1593 933 1665 988 τῆς
1692 935 1770 986 σῆς

313 1002 385 1045 καί
411 1003 482 1057 τῆς
511 1003 583 1044 νῦν
611 1001 922 1056 βαρυδαίμονος
950 1000 1105 1056 τύχης,·
1147 1003 1194 1043 τί
1223 1004 1267 1055 μ’
1307 997 1447 1043 ἄλλοτ’
1491 997 1671 1043 ἄλλοθεν
1710 997 1768 1048 ὥς

315 1071 359 1112 ἐκ
390 1068 550 1124 λόχμης
585 1071 656 1111 καί
685 1071 853 1124 δρυμοῦ
898 1069 1186 1123 προσβάλλων,
1221 1070 1274 1110 ου’
1300 1070 1454 1126 τολμᾷς
1493 1066 1598 1110 κατὰ
1629 1069 1769 1120 μέτω-
1828 1095 1829 1098 =

317 1151 393 1178 πον
425 1133 618 1190 ἄντικρυς
646 1134 817 1177 τὸνχσόν
847 1136 1064 1191 ἐπιφέρειν
1094 1136 1293 1191 πόλεμον,
1324 1135 1416 1178 ἀλλ’
1446 1135 1521 1177 ουίι
1544 1132 1655 1176 ἔστιν
1676 1128 1770 1174 οὗθ’

317 1199 414 1245 ὅθεν
458 1197 551 1243 οὔθ’
596 1199 660 1244 ὅτε
696 1201 755 1256 μή
793 1200 868 1256 τὴν
908 1201 986 1256 σήν
1023 1217 1096 1255 μοι
1140 1203 1364 1257 προσάγεις
1393 1203 1650 1256 α’τέκμαρτον
1680 1205 1772 1242 πεΐ-
1787 1209 1830 1244 15

320 1286 420 1323 ρανς
462 1270 508 1311 τί
547 1267 651 1310 κατὰ
681 1270 762 1311 τῶν
808 1270 936 1310 θείων
969 1266 1187 1323 δογμάτων
1230 1265 1372 1311 ἄλλοτ’
1414 1266 1565 1316 ἄλλους
1602 1268 1774 1322 ἐγείρεις

320 1332 555 1388 Ὀλύμπους
583 1333 654 1376 καί
685 1333 944 1390 Παρνασσός
972 1337 1246 1391 βλασφημίας
1278 1326 1547 1390 αὕτομαθοῦς
1577 1337 1651 1376 καί
1674 1335 1776 1388 ὄψι-

319 1405 509 1456 μαθοῧςς
542 1405 588 1444 τί
628 1403 732 1443 κατὰ
777 1404 860 1444 τῶν
888 1405 1017 1444 θείων
1057 1405 1246 1457 πατέρων
1285 1401 1511 1457 χαράδρας
1541 1401 1778 1455 οἷνορόττεις

322 1469 390 1510 αἐἰ
419 1470 662 1523 καινοτέρας
692 1471 764 1510 καί
790 1467 898 1526 μόνῃ
930 1471 978 1526 τῇ
1005 1471 1059 1524 σῇ
1088 1471 1409 1524 παρευρημένας
1437 1468 1666 1510 αὕτοθελεῑ·
1690 1470 1778 1510 ἐπι-

321 1535 436 1592 νοίᾳ,-
477 1536 567 1577 τίνα
605 1535 749 1577 τοῦτον
783 1537 825 1586 ἐξ
856 1535 1132 1588 αὐτοσχεδίου
1162 1538 1220 1592 τῷ
1251 1536 1351 1592 θείῳ
1379 1537 1518 1593 ἐκείνῳ
1552 1534 1679 1589 πατρί
1706 1535 1835 1576 καὶ20

321 1604 440 1658 σοφῷ
470 1595 710 1659 διδασκάλῳ
739 1604 808 1656 τῆς
849 1601 1068 1657 ἐκκλησίας
1113 1604 1205 1644 νέον
1251 1599 1434 1653 ὅπλίζεις
1463 1602 1708 1656 Ἀρχίλοχον
1751 1596 1780 1654 ἢ

321 1670 480 1722 μᾶλλον
509 1666 760 1724 Ἀρχιλόχου
793 1671 984 1724 πίθηκον,
1026 1666 1070 1718 ὃς
1100 1669 1198 1725 πρὶν
1227 1664 1255 1724 ἢ
1281 1671 1437 1721 μαθεῖν
1466 1661 1619 1710 ἄπονον
1647 1666 1777 1710 οἴεται

325 1873 428 1907 nimis
453 1872 605 1907 refertos
633 1884 712 1908 esse
741 1875 861 1918 pravis
887 1874 1114 1919 opinionibus
1140 1874 1276 1909 diceret
1295 1880 1338 1908 'et
1361 1874 1430 1909 nisi
1455 1874 1499 1909 ab
1521 1874 1602 1909 aliis
1630 1873 1778 1919 quibus..

326 1922 403 1955 dam
428 1920 745 1964 interpolatoribus
773 1932 902 1955 nomen
930 1923 1006 1956 eius
1031 1923 1238 1977 inscriptum
1264 1928 1359 1957 esset
1374 1921 1486 1964 libris,
1515 1923 1674 1967 ignotum
1688 1921 1778 1955 illud

326 1978 526 2001 mansurum
554 1968 686 2010 suisse;
711 1978 782 2002 non
811 1975 927 2003 tamen
956 1969 1039 2003 libri
1067 1970 1156 2013 ipsi3
1194 1970 1253 2014 qui
1278 1980 1406 2004 revera
1432 1969 1572 2014 quidem
1599 1973 1779 2003 exstarent

327 2015 389 2049 sed
413 2026 483 2048 una
515 2026 591 2048 cum
619 2015 672 2049 his
698 2026 825 2050 nomen
856 2018 931 2051 eius
957 2017 1192 2051 abiiciendum
1227 2027 1306 2051 esse
1333 2022 1367 2050 et
1391 2017 1688 2051 annumerandum
1715 2027 1778 2050 re..

325 2061 433 2109 liquis
460 2061 663 2097 haereticis.

460 2127 557 2168 Quae
580 2127 687 2161 verba
715 2133 832 2161 tantae
857 2127 964 2172 plena
989 2128 1178 2173 impietalis
1197 2139 1308 2173 'quum
1327 2128 1502 2173 Gregoras
1528 2129 1684 2162 audisset
1711 2138 1778 2162 ve-

331 2174 514 2207 hementer
542 2176 657 2208 animo
685 2175 871 2218 perculsus
897 2181 950 2209 est
979 2182 1014 2209 et
1038 2177 1210 2210 obmutuit
1231 2186 1295 2220 per
1319 2175 1463 2219 longum
1481 2174 1779 2210 horaeinterval-

332 2221 416 2254 lum.
465 2226 501 2254 at
527 2222 655 2255 deinde
681 2223 798 2255 animo
827 2228 861 2256 et
886 2223 1006 2257 divina
1031 2224 1305 2268 condignatione
1343 2222 1508 2277 impletus
1535 2222 1645 2256 vertit
1678 2233 1717 2256 se
1742 2223 1779 2255 in

331 2268 611 2302 Cantacuzenum
639 2269 759 2303 verbis
786 2269 904 2303 hisce:
939 2281 1000 2303 cur
1024 2281 1095 2303 non
1123 2276 1273 2304 aetatem
1298 2269 1383 2302 mihi
1416 2270 1502 2303 sinis
1528 2267 1780 2314 tranquillam?

330 2326 392 2348 cur
421 2325 561 2358 semper
590 2316 729 2350 haeresi
754 2322 813 2350 tua
839 2318 1014 2362 inquietas
1041 2328 1096 2350 me
1121 2328 1239 2362 neque
1264 2317 1441 2350 succurris
1466 2316 1551 2350 mihi
1578 2317 1638 2361 qui
1662 2321 1779 2350 aetate

329 2362 398 2395 iam
424 2363 605 2396 confectus
632 2374 706 2397 sum
735 2370 769 2397 et
795 2374 899 2408 quum
925 2370 1021 2398 tanta
1045 2375 1138 2398 nunc.
1164 2365 1362 2398 dominetur
1385 2363 1556 2398 miseria?
1590 2374 1652 2398 cur
1675 2363 1778 2397 modo

329 2410 413 2443 hinc
438 2410 540 2443 modo
575 2410 676 2444 illinc
691 2417 851 2456 tanquam
878 2412 1015 2446 insidiis
1042 2417 1076 2444 et
1100 2412 1244 2446 latebris
1266 2411 1435 2444 exsiliens
1461 2411 1546 2444 mihi
1571 2420 1643 2444 non
1670 2410 1780 2443 exad-

330 2467 455 2490 versus
484 2457 633 2491 frontem
659 2469 769 2492 meam
794 2458 926 2492 bellum
953 2457 1082 2502 paras?
1129 2469 1246 2503 neque
1280 2457 1379 2491 locus
1412 2468 1530 2502 neque
1555 2463 1692 2502 tempus
1728 2461 1782 2491 est

331 2514 400 2548 quo
425 2514 496 2536 non
526 2505 820 2539 insolentissimas
849 2511 925 2538 tuas
953 2506 1167 2539 tentationes
1192 2507 1227 2538 in
1256 2515 1311 2538 me
1337 2510 1468 2538 vertas.
1519 2515 1581 2539 cur
1612 2506 1648 2538 in
1662 2505 1781 2539 divina

332 2552 494 2594 dogmata
518 2553 619 2585 modo
647 2552 711 2586 hos
737 2553 838 2586 modo
865 2552 948 2586 illos
977 2552 1306 2596 exstruisOlympos
1334 2557 1369 2585 et
1382 2551 1571 2586 Parnassos
1597 2557 1781 2585 contume-

334 2598 460 2631 liarum
488 2609 507 2631 a
547 2604 581 2631 te
611 2600 836 2633 confictarum
866 2605 900 2633 et
925 2610 1005 2633 sero
1031 2606 1146 2633 tamen
1171 2600 1299 2633 frustra
1326 2600 1622 2644 excogitatarum:
1649 2599 1730 2643 quid
1745 2599 1785 2631 in

331 2651 470 2678 sanctos
498 2651 614 2689 patres
640 2657 779 2690 semper
807 2647 893 2679 facit
919 2647 1064 2680 foveas:
1102 2657 1192 2691 quae
1216 2646 1294 2680 solo
1322 2651 1380 2678 tuo
1412 2646 1563 2679 consilio
1590 2645 1781 2680 fodiuntur.

332 2702 394 2725 cur
422 2702 466 2725 ex
490 2698 649 2736 tempore
674 2694 711 2726 in
736 2695 893 2727 divinum
920 2700 1053 2738 patrem
1079 2694 1178 2727 illum
1201 2698 1241 2726 -et
1266 2699 1531 2737 praeceptorem
1557 2692 1783 2737 sapientissi-

330 2749 435 2781 mum,
461 2749 591 2774 novum
618 2741 761 2774 instruis
787 2741 1038 2775 Archilochum
1065 2741 1123 2775 vel
1149 2741 1266 2785 potius
1291 2739 1498 2775 Archilochi
1525 2741 1688 2783 simiam3
1723 2739 1783 2786 qui
