1852 3138
229 133 531 197 nis’tonisn
560 129 1067 178 BYzAN‘nNAE‘xxxi.
1086 119 1342 176 alt-28.
1422 125 1519 175 365

48 240 172 288 εἶναι.
203 243 279 288 καὶ
307 239 398 299 ἅμα
429 244 681 300 α’ρχόμενον,
708 240 785 285 οὔκ
814 236 972 299 ἄρχον·
1013 238 1227 297 ἡττᾶσθαι
1255 236 1336 295 γὰρ
1361 237 1519 293 ἀνάγκη

48 304 101 355 οὗ
129 313 264 356 δεῖται
293 311 341 355 τὸ
373 313 526 361 ἐνδεές.
586 305 617 369 ᾧ
635 314 681 354 δέ
709 329 749 354 τι
780 307 974 367 ἥττηται,
993 309 1128 368 τούτῳ
1157 307 1229 350 καί
1246 303 1521 350 δεδούλωται.

47 378 72 423 ὃ
100 380 147 422 δὲ
172 382 341 434 δοῦλον,
372 380 450 422 ουίι
478 376 531 422 ἄν
549 378 614 434 εἴη
632 376 777 432 κόριον
807 379 902 419 ov’d’
932 378 1249 431 αύθύπαρκτον.
1309 373 1385 415 οὐκ
1417 368 1520 427 ἆρα,

45 445 156 503 πλὴν
187 449 320 504 μόνης
351 450 427 503 τῆς
455 449 578 497 θείας
610 446 777 500 ου’σίας,
809 448 893 488 τῶν
922 440 1064 487 ἄλλων
1093 442 1271 501 οὐδεμιᾷ
1301 440 1348 483 τό
1367 441 1524 496 κυρίως

30 513 247 570 ιᾶρμόττει
278 513 600 570 αὕθὺπαρκτον.
631 513 787 556 οὐσιῶν
815 511 898 568 γὰρ
927 513 1229 564 πεποιωμένων
1257 506 1367 552 εἶναι
1399 525 1524 563 ποιη-

0 613 2 619 ·
46 582 120 634 τὴν
146 581 235 626 τόνι
260 581 364 625 θεόν
406 581 428 624 ὅ
459 581 577 631 θεῖός
606 597 650 624 τε
699 580 947 637 α’πεφὴνατο
978 579 1207 632 Μάξιμος,
1237 576 1311 620 καί
1339 576 1363 632 ἧ
1392 575 1524 633 φύσις

51 648 158 705 mim*
196 650 451 699 διδάσκαλος
479 655 570 699 ταῖς
602 651 771 692 συνέσει
798 645 1108 704 διαφερούσαις
1152 644 1382 700 αἰσθήσεσι
1410 646 1524 699 γίνε-

1 729 2 732 ’
49 733 136 760 ται.
213 714 323 774 μόνη
360 718 460 772 γάρ,
489 716 643 773 φησίν,
687 716 802 769 ἁπλῆ
831 717 904 756 καί
931 711 1127 768 ἀνενδεὴς
1165 714 1238 754 καί
1267 707 1465 767 ἄτρεπτος
1498 711 1605 766 ἦρα

51 783 331 840 δημιουργικη
363 785 447 827 τῶν
482 781 589 826 ὅλων
630 783 754 825 ου’σία
803 783 877 836 τῆς
908 781 1029 836 ἁγίας
1067 779 1252 835 τριάδος.
1326 780 1443 821 πᾶσα
1477 779 1523 820 δὲ

28 852 186 901 Φκτίσις
223 850 429 900 σύνθετός
469 853 581 894 ἐστιν
628 852 672 901 ἐξ
714 849 863 898 ου’σιάς
892 848 964 890 καί
1010 850 1239 903 ποιότητος.
1313 848 1429 888 πᾶσα
1477 846 1523 887 δὲ

45 918 225 975 ποιότης
255 919 532 974 ὑποκειμένης
574 916 738 967 πάντως
766 918 915 965 ου’σίας
954 916 1072 967 ἐστι’,
1101 915 1200 970 περὶ
1228 912 1278 969 ἢν
1308 916 1381 956 καί
1408 917 1524 955 θεω-

52 992 191 1041 ρεῖται
237 988 312 1029 καί
353 989 544 1041 λέγεται,
566 1039 569 1046 Ι
593 985 637 1029 τὸ
669 987 764 1027 καθ’
792 982 928 1039 αὐτην
968 979 1076 1025 εἶναι
1109 983 1310 1036 ου’δαμαῖς
1344 979 1523 1036 ἔχουσα.

53 1051 121 1095 διὸ
153 1055 229 1096 καί
255 1055 358 1109 δίχα
385 1054 615 1110 ποιοτήτων
645 1052 864 1107 α’ναλόγων
903 1046 1096 1100 ἑκάστοις
1128 1050 1201 1092 οόκ
1243 1048 1355 1092 ἔστιν
1384 1045 1526 1103 εὖρεΐν

53 1120 261 1175 ου’δεμιάν
288 1121 438 1164 ου’σιάν
467 1119 740 1177 ὑφίστασθαι
786 1121 1026 1174 δυναμένην
1056 1119 1100 1161 ἐν
1137 1116 1290 1176 κόσμῳ.
1350 1110 1436 1157 οἷον
1469 1111 1526 1164 ὥς

24 1188 126 1232 ὃὲπί
153 1187 477 1244 ὗποδείγματος,
511 1187 557 1232 εἴ
578 1205 642 1238 τις
675 1190 843 1244 α’φέλοι,
874 1189 1063 1244 ἐνεργείᾳ
1091 1187 1170 1240 μὲν
1199 1185 1277 1227 οὐκ
1307 1180 1360 1226 ἂν
1390 1187 1526 1240 φαίην

55 1252 289 1312 (ἀδύνατον
317 1255 400 1313 γὰρ
436 1260 572 1314 τουτί)
622 1258 786 1314 ἐπινοίᾳ
814 1257 849 1297 δ’
884 1249 962 1296 οὖν
995 1251 1136 1310 ὅμως,
1167 1256 1292 1295 λίθου
1321 1251 1458 1305 τινός,
1498 1245 1524 1307 ἢ

53 1325 212 1377 μᾶλλον
238 1325 399 1380 εἰπεῖν,
443 1324 519 1376 τὰς
552 1326 628 1381 τῆς
659 1323 801 1380 χιόνος
833 1320 1052 1380 ἐμφύτους
1084 1320 1333 1377 ποιότητας,
1380 1318 1455 1375 τήν
1481 1335 1523 1362 τε

53 1389 285 1448 λευκότητα
328 1392 491 1450 δηλαδὴ
540 1391 614 1435 καί
639 1390 895 1448 ψυχρότητα
937 1393 1011 1432 καί
1054 1390 1265 1449 ὑγρότητα
1308 1388 1378 1430 καί
1417 1386 1520 1430 εἴτι
1537 1396 1680 1434 r.1731·.

52 1461 258 1515 τοιοῦτον,
287 1455 397 1504 εἶναι
427 1459 471 1504 τό
505 1459 752 1515 λειπόμενον
785 1457 952 1508 πάντως
973 1459 1109 1500 οὐδέν.
1147 1453 1169 1497 ὃ
1202 1458 1240 1498 δ’
1270 1457 1395 1499 ου’δὲν
1427 1459 1524 1498 καθ’

17 1541 41 1578 n
54 1525 177 1581 αὖτό,
208 1529 297 1577 πῶς
330 1528 667 1583 αὕθύπαρκτον,·
695 1526 769 1569 καί
794 1525 866 1568 ἐπί
897 1529 979 1568 τῶν
1009 1520 1140 1568 ὄντων
1162 1525 1357 1580 εὖρησεις
1390 1523 1525 1566 ἁπάν-

51 1611 134 1639 των
165 1594 323 1647 ὁμοίως
354 1597 426 1638 ἀεὶ
455 1598 528 1638 καί
555 1596 703 1637 πασῶν
732 1595 890 1636 ου’σιαῖν
919 1595 1074 1636 τουτοΐ.

173 1657 313 1718 Ἔχεις
342 1663 502 1715 τοίνυν,
533 1658 566 1706 ὦ
598 1666 698 1720 φίλε
732 1663 927 1718 Θεότιμε,
961 1659 1031 1703 διὰ
1060 1663 1259 1716 βραχέων
1291 1660 1397 1713 δρᾶν
1426 1658 1615 1711 ‘tonicae

52 1731 351 1782 οἶκανονίστους
379 1733 453 1774 καί
479 1732 626 1788 πόρρω
648 1730 804 1780 παντὸς
832 1727 1006 1779 κανόνος
1019 1726 1202 1780 κανόνας
1222 1732 1301 1772 τοῦ
1315 1729 1525 1784 Παλαμᾶ,

57 1935 236 1976 coeptum,
261 1940 335 1966 non
364 1930 556 1974 incipiens.
606 1929 758 1963 inferius
782 1928 876 1962 enim
904 1938 983 1961 esse
1007 1936 1160 1961 necesse
1195 1930 1250 1959 est
1274 1925 1310 1959 id
1336 1933 1406 1969 qno
1430 1923 1527 1959 indi-

56 1990 139 2026 gum
168 1979 318 2025 indiget.
376 1984 416 2013 ut
444 1978 594 2012 inferius
629 1978 693 2021 fit,
727 1978 776 2010 ita
804 1977 839 2009 in
874 1976 1084 2010 servitutem
1119 1974 1232 2007 venit.
1282 1972 1376 2018 quod
1400 1973 1526 2015 servit,

55 2037 128 2062 non
155 2032 209 2061 est
238 2028 419 2071 proprium
449 2027 503 2061 sui
528 2037 595 2060 nec
622 2037 686 2070 per
712 2035 750 2058 se
778 2024 948 2057 existens.
1009 2033 1081 2056 non
1115 2023 1226 2066 igitur
1253 2025 1396 2065 praeter
1421 2030 1526 2054 unam

55 2075 211 2110 divinam
239 2076 444 2116 essentiam,
472 2073 619 2108 aliarum
654 2072 746 2106 nulli
783 2077 835 2106 est
870 2082 933 2115 per
971 2081 1010 2103 se
1038 2070 1238 2104 existentia.
1292 2069 1524 2102 essentiarum

56 2123 149 2157 enim
178 2123 350 2168 qualitate
374 2123 610 2167 praeditarum
639 2126 835 2155 creatorem
866 2130 945 2152 esse
972 2118 1073 2150 deum
1102 2119 1142 2152 υ.
1165 2117 1334 2151 Maximus
1360 2116 1525 2149 declara-

55 2171 109 2205 vit
134 2175 170 2204 et
194 2177 320 2206 natura
336 2171 412 2214 ipsa
427 2171 532 2204 docet
552 2168 843 2213 perceptionibus
856 2172 1008 2199 mentem
1023 2164 1285 2199 adiuvantibus.
1335 2174 1404 2197 una
1419 2164 1524 2206 enim,

55 2218 184 2263 inquit,
211 2224 247 2253 et
272 2218 424 2262 simplex
451 2223 486 2251 ct
510 2229 581 2252 non
620 2218 784 2261 indigens
811 2221 846 2248 et
876 2214 1066 2247 immobilis
1095 2213 1247 2246 creatrix
1272 2212 1432 2246 universi
1456 2222 1524 2245 es-

57 2267 174 2300 sentia
203 2266 239 2300 S.
264 2267 447 2300 trinitatis.
499 2267 613 2299 omnis
654 2270 770 2297 autem
809 2268 971 2296 creatura
997 2261 1195 2304 composita
1221 2265 1274 2293 est
1300 2270 1344 2293 ex
1370 2260 1526 2293 essentia

58 2318 95 2347 et
119 2313 305 2358 qualitate.
357 2314 471 2347 omnis
507 2313 659 2358 qualitas
699 2317 753 2345 est
790 2311 968 2343 essentiae
995 2312 1138 2342 omnino
1172 2308 1356 2349 subiecta,
1393 2307 1429 2339 in
1456 2317 1525 2351 qua

59 2362 217 2396 cernitur
242 2367 278 2395 et
298 2362 438 2404 dicitnr,
466 2362 609 2394 minime
636 2371 699 2404 per
725 2370 765 2392 se
792 2358 924 2391 habens
956 2357 1192 2389 existentiam.
1244 2355 1324 2388 ideo
1338 2355 1416 2388 sine
1432 2365 1524 2399 qua..

14 2419 16 2421 ’
57 2407 217 2444 litatibus
244 2410 375 2454 cuique
403 2410 495 2454 aptis
524 2408 657 2442 nullam
681 2406 967 2441 licetessentiam
991 2405 1169 2445 invenire,
1195 2413 1285 2448 quae
1304 2402 1417 2446 possit
1443 2403 1525 2435 exi..

57 2461 154 2491 stete
181 2458 218 2491 in
242 2458 386 2491 mundo.
416 2469 448 2491 e.
476 2468 511 2502 g.
544 2458 573 2490 si
595 2457 673 2500 quis
698 2454 897 2494 abstulerit,
923 2462 993 2485 non
1021 2462 1060 2484 re
1086 2452 1213 2493 dicam,
1240 2450 1333 2494 quod
1352 2450 1429 2483 fieri
1455 2460 1523 2483 ne-

57 2506 149 2548 quit,
177 2516 299 2539 verum
326 2506 560 2549 cogitatione,
589 2504 715 2547 lapidis
736 2509 794 2536 aut
821 2502 915 2534 nivis
942 2501 1066 2533 insitas
1092 2499 1294 2544 qualitates,
1311 2497 1523 2538 albedinem,

12 2564 15 2571 ·
58 2554 242 2598 frigorem,
268 2563 431 2595 uvorem,
458 2552 529 2586 tale
556 2553 738 2596 quiddam,
774 2554 869 2583 esset
904 2548 1067 2581 relictum
1103 2548 1246 2580 omnino
1280 2545 1383 2579 nihil.
1433 2545 1524 2579 nihil

57 2606 174 2636 autem
199 2611 264 2645 per
291 2611 330 2634 se
366 2601 542 2646 quomodo
580 2597 735 2633 existat?
793 2597 885 2642 quod
924 2597 958 2629 in
986 2594 1160 2629 similibus
1192 2594 1325 2639 ubique
1360 2593 1524 2628 essentiis

55 2651 149 2686 idem
173 2650 350 2684 invenies.

191 2708 299 2743 Potes
323 2708 446 2752 igitur,
474 2707 688 2742 amicissime
713 2705 909 2746 Theotimo,
937 2704 973 2736 in
1000 2703 1122 2747 paucis
1149 2700 1445 2736 viderePalamae
1471 2701 1525 2735 ir..

56 2756 245 2806 regulares
270 2762 306 2791 et
329 2755 374 2791 ab
399 2757 494 2791 omni
519 2754 646 2801 regula
671 2758 824 2788 remotas
850 2751 996 2798 regulas
1023 2756 1058 2785 et
1076 2750 1213 2785 infirma
1237 2749 1464 2786 fundamenta
1489 2752 1526 2784 et
