1800 3132
261 155 326 205 60
662 159 958 205 NICEPHORI
999 158 1303 203 GREGORAE

263 283 337 323 σης
368 270 439 324 τῆς
471 267 698 324 διηγήσεως
726 266 1154 322 εὐπαρακολούθητος
1183 270 1255 310 καί
1285 265 1386 323 ἧμΐν
1415 264 1438 324 ἦ
1468 270 1552 312 τῶν
1578 269 1722 312 τοιού-
1750 299 1752 302 -

262 350 344 376 των
374 336 597 389 ἐγγίγνοιτο
629 335 819 389 μάθησις
849 331 1110 393 ἑκατέρωθεν
1138 331 1359 390 ἑκατέροις.
1766 331 1771 345 ¹

176 408 248 442 88
390 402 435 444 ‘O
462 404 539 454 μὲν
579 400 630 456 δὴ
663 398 816 456 χρόνος
845 402 939 441 καθ’
970 397 1015 441 ὃν
1046 399 1227 442 ἐπανιών
1255 403 1544 456 κατέπλευσα,
1575 404 1720 459 φησίν,
1766 398 1775 438 '-

264 469 307 517 ἐς
335 466 598 521 Βυζάντιον,
635 465 742 520 μετὰ
782 465 905 516 κυνός
951 467 1141 522 ὑπῆρχεν
1174 469 1384 520 ἐπιτολάς,
1417 467 1612 525 λήγοντος
1642 465 1721 526 ἤδη
1766 468 1769 469 ’

264 536 338 576 τοῦ
367 537 534 588 θέρους.
603 534 736 583 afflig
776 529 850 575 οὖν
881 530 1046 585 ἀποβὰς
1078 536 1150 588 τῆς
1178 534 1283 583 νεώς
1321 534 1462 578 οἷκάδε
1495 534 1755 592 ιῖφικόμην,5

203 657 208 659 μ
265 603 336 643 καί
357 602 559 654 οἰκουρῶν
582 602 874 643 διετετελέκειν
894 601 1036 655 ἡλίους
1065 598 1157 656 ἑξῆς
1185 604 1498 656 πεντεκαίδεκα,
1526 606 1722 656 α’ναλαμ-

263 667 401 722 βάνων
429 683 471 709 τε
502 666 699 720 ἐμαυτόν,
727 670 799 720 καὶ
829 666 905 722 την
935 666 980 710 ἐκ
1009 667 1221 724 θαλάττης
1251 670 1388 725 η’ρέμα
1416 671 1489 712 καί
1513 670 1619 712 κατὰ
1646 687 1723 724 μι-

265 733 364 788 κρόν
394 732 720 789 α’ποτριβόμενος
748 735 914 790 αἠδιάν.
973 734 1046 776 καί
1074 736 1152 788 μὲν
1181 735 1231 790 δὴ
1261 738 1344 778 τῶν
1374 736 1542 791 ἡμερῶν
1562 736 1720 790 μεταξύ

264 803 445 842 τουτωνί
472 799 729 863 προσιόντων
759 795 897 844 ἄλλοτ’
921 797 1058 844 ἄλλων
1079 805 1213 858 φίλων
1241 803 1316 844 κοιί>
1338 799 1590 855 ὁμιλούντων
1620 803 1743 859 ἡμῖν,

263 867 451 923 ’ἀκριβῶς
480 869 700 923 ἀκηκοέναι
723 885 797 922 μοι
830 872 994 923 γέγονεν
1026 867 1213 922 ἅπαντα,
1244 869 1317 924 τήν
1347 873 1384 912 τ’
1415 870 1723 927 ὀνομαζομένην
1738 875 1787 912 10’

268 934 431 977 οὑτωσί
454 934 540 983 πως
567 934 761 989 σύνοδον,
791 931 903 985 ὅπως
931 952 975 977 τε
1005 938 1298 992 ἐσχεδιάσται,
1327 936 1397 979 καὶ
1426 933 1506 980 δ’σα
1535 940 1722 993 πέπρακ·

265 1017 334 1043 ται
367 998 623 1056 παρανόμως
669 1004 759 1044 ἐκεῖ
779 1003 883 1058 πρὸς
912 1005 992 1045 τῶν
1032 1005 1250 1058 προέδρων
1288 1005 1372 1046 τῶν
1399 1007 1593 1063 Παλαμᾷ
1619 1021 1726 1059 συμ-
1784 1003 1789 1006 ⁴

262 1068 516 1122 μαχούντων
545 1071 617 1111 καί
644 1070 1051 1124 α’νακεκαλυμμένως
1090 1069 1419 1125 ἐπιορκούντων,
1453 1069 1514 1114 ἔτι
1542 1088 1587 1115 τε
1617 1068 1729 1121 ὅπως

266 1133 314 1176 τὸ
340 1137 419 1188 μὲν
456 1137 528 1190 τῆς
559 1138 787 1186 nutv-him
826 1137 1041 1192 η’κύρωται
1072 1135 1236 1191 δόγμα,
1266 1135 1310 1179 τὰ
1345 1140 1390 1180 δὲ
1418 1140 1495 1194 τῆς
1521 1140 1726 1195 ἐνσᾰρκου

267 1202 504 1257 μυστήριον
543 1205 779 1256 οἰκονομίας
817 1202 1033 1261 ἀνῄρηται.
1101 1206 1175 1246 καί
1220 1203 1325 1260 πρός
1364 1221 1409 1259 γε
1449 1212 1537 1256 τοῖς
1567 1200 1724 1261 ἄλλοις,
1742 1209 1784 1245 15

271 1267 300 1310 ἃ
330 1269 430 1323 μηδ’
462 1270 567 1325 α’κοῇ
593 1276 829 1327 σωφρονεῖν
863 1272 916 1312 δι’
952 1272 1170 1325 εὐσέβειαν
1207 1273 1538 1330 προαιρουμένῃ.
1561 1272 1727 1315 διδόναι
1766 1275 1768 1277 ’

269 1334 434 1390 χρεών,
475 1336 643 1379 κάκεῖνα
693 1337 852 1393 δηλαδὴ
897 1336 977 1380 ὅσα
1015 1341 1286 1393 βαρβαρικαῖς
1330 1355 1375 1381 τε
1407 1341 1481 1381 καί
1506 1342 1728 1395 θηριωδῶς

270 1401 485 1458 εἴργασται
516 1402 621 1458 πρὸς
649 1406 729 1446 τῶν
758 1407 993 1458 ποιμαίνειν
1021 1404 1231 1459 λαχόντων
1267 1404 1341 1460 τὴν
1367 1408 1600 1462 ἐκκλησίαν,
1633 1407 1730 1461 περὶ
1788 1457 1791 1460 v

270 1463 330 1511 ’ὧν
361 1469 381 1510 ὁ
412 1469 553 1524 κύριος
582 1468 664 1526 ἔφη
687 1468 911 1523 ιεποιμένες
941 1470 1281 1527 η’φρονεύσαντο,
1310 1474 1502 1525 ποιμένες
1533 1474 1729 1529 διέφθει-

185 1549 257 1582 84
274 1553 351 1592 ραν
374 1535 446 1579 τὸν
474 1535 702 1590 ἀμπελῶνα
728 1538 859 1591 μου.”
928 1541 1000 1580 καί
1031 1533 1120 1591 ἅμα
1160 1537 1234 1580 τὸν
1272 1539 1343 1581 ἐπὶ
1368 1537 1534 1589 τούτοις
1563 1539 1788 1596 mptum-2⁰

274 1605 472 1646 δέστατον
513 1604 586 1645 καί
627 1603 893 1647 παντοδαπὸν
933 1604 1138 1660 διωγμόν,
1182 1599 1357 1648 κᾶπειτα
1396 1603 1508 1657 ὅπως
1546 1621 1588 1649 τε
1636 1608 1731 1663 διη-

272 1672 486 1726 νέχθησαν
514 1669 615 1713 ἔνιοι
637 1674 729 1713 κατ’
750 1673 871 1714 ἐνίων
892 1673 1123 1726 ἐπίσκοποι,
1143 1672 1216 1715 καί
1241 1671 1395 1727 σχεδὸν
1427 1671 1609 1723 ἅπαντες
1635 1677 1732 1717 καθ’

274 1734 479 1791 ἁπάντων,
506 1735 643 1794 ὥσπερ
668 1741 713 1782 ἐκ
735 1742 975 1793 μεταμέλου
1004 1739 1051 1782 τό
1077 1742 1256 1795 μέγεθος
1283 1743 1366 1783 τῶν
1393 1743 1610 1798 σφετέρων
1629 1741 1732 1784 α’το-

274 1927 338 1968 ris,
369 1930 407 1959 ut
434 1926 636 1960 narratione
664 1926 746 1960 inde
777 1937 820 1959 ex
846 1926 969 1959 ordine
1004 1927 1222 1970 procedente
1250 1926 1390 1971 utrique
1416 1931 1575 1961 nostrum
1602 1928 1731 1971 cogni-

276 1973 326 2006 tio
353 1983 469 2006 rerum
498 1973 541 2006 ab
565 1980 714 2019 utraque
738 1979 837 2017 parte
862 1974 1049 2017 perspicua
1079 1974 1215 2007 evadat.

409 2033 535 2075 „Quod
560 2033 603 2066 ad
628 2038 764 2076 tempus
794 2033 930 2074 attinet,
957 2033 1083 2078 inquit,
1109 2033 1319 2076 Byzantium
1344 2038 1425 2076 post
1449 2032 1641 2067 Caniculae
1669 2043 1731 2066 or..

278 2087 351 2114 tum
377 2085 512 2114 aestate
539 2081 608 2113 iam
636 2085 792 2113 exeunte
816 2090 982 2114 reversus
1008 2091 1094 2114 sum.
1152 2081 1236 2113 navi
1271 2090 1435 2124 egressus
1474 2080 1613 2114 domum
1649 2081 1731 2113 veni

278 2128 399 2172 ibique
427 2128 626 2172 quindecim
652 2128 839 2162 continuos
865 2127 940 2161 dies
967 2132 1128 2161 versatus
1152 2137 1207 2160 me
1232 2127 1343 2160 refeci
1374 2133 1408 2160 et
1436 2127 1626 2171 navigandi
1654 2137 1732 2160 mo-

279 2175 401 2209 lestias
427 2176 558 2208 sensim
592 2174 833 2219 paulatimque
859 2174 1021 2208 abstersi.
1081 2174 1181 2207 hisee
1213 2174 1334 2208 diebus
1367 2174 1448 2208 aliis
1485 2173 1574 2208 alias
1612 2174 1733 2208 amicis

278 2233 333 2255 me
365 2222 661 2268 convenientibus
701 2227 735 2254 et
760 2232 896 2255 mecum
922 2221 1214 2256 conversantibus
1247 2227 1411 2255 accurate
1435 2222 1552 2255 omnia
1578 2223 1733 2266 comperi

277 2270 320 2303 de
349 2269 485 2312 synodo
511 2270 591 2311 ista,
623 2279 725 2313 quam
756 2269 939 2311 dicebant,
966 2280 1033 2314 qua
1062 2270 1199 2302 ratione
1227 2280 1269 2302 ex
1295 2274 1453 2312 tempore
1480 2273 1602 2302 coacta
1627 2274 1734 2311 esset,

279 2327 369 2362 quae
399 2316 447 2349 ibi
477 2326 497 2349 a
524 2316 746 2360 praesidibus
771 2316 933 2350 l'alamae
963 2316 1235 2361 suffragantibus
1270 2321 1305 2349 et
1342 2315 1457 2360 palam
1495 2315 1734 2349 deierantibus

281 2363 473 2408 illegitime
499 2369 612 2408 gesta,
642 2374 712 2408 quo
737 2369 840 2408 pacto
873 2365 999 2409 dogma
1024 2366 1066 2398 de
1099 2363 1216 2396 multis
1257 2363 1500 2397 divinitatibus
1532 2368 1644 2396 ratum
1678 2363 1735 2396 fa..

279 2417 383 2452 ctum,
410 2411 615 2454 mysterium
637 2421 724 2444 vero
751 2413 1003 2445 incarnationis
1030 2421 1191 2445 eversum
1218 2416 1324 2445 esset.
1374 2416 1514 2454 practer
1540 2409 1610 2443 alia
1635 2420 1735 2451 vero,

280 2469 372 2503 quae
401 2468 446 2492 ne
475 2457 618 2492 auribus
643 2459 782 2503 quidem
810 2459 1001 2501 hominum,
1029 2460 1157 2504 quipie
1183 2464 1287 2503 atque
1312 2459 1493 2491 moderate
1518 2458 1644 2491 vivere
1670 2468 1737 2491 ve-

278 2506 368 2547 lint,
400 2505 594 2550 ingerenda
623 2511 729 2548 sunt,
759 2506 823 2539 illa
850 2516 991 2551 quoque
1018 2507 1193 2549 nimirum,
1222 2516 1311 2550 quae
1347 2505 1496 2539 barbare
1523 2510 1558 2538 ct
1594 2505 1739 2538 efferate

281 2554 352 2593 isti,
380 2552 506 2596 quibus
532 2558 708 2596 pastorum
734 2564 860 2587 munus
889 2554 1038 2598 obtigit,
1073 2558 1282 2598 gesserunt,
1309 2553 1351 2586 ‹le
1386 2552 1512 2596 quibus
1541 2552 1740 2596 pastoribus

282 2600 441 2633 dominus
469 2600 580 2633 dixit:
611 2605 793 2644 „pastores
812 2601 1046 2643 insaniebant,
1059 2607 1219 2645 pastores
1232 2600 1415 2634 vastabant
1439 2600 1579 2634 vineam
1593 2605 1739 2633 meam-‘⁵

289 2648 447 2690 comperi
477 2647 595 2688 etiam,
622 2653 659 2680 ut
685 2649 969 2691 persecutionem
998 2648 1303 2682 horribilissimam
1328 2647 1459 2692 ubique
1487 2647 1742 2681 instituissent:

290 2698 330 2726 ut
355 2693 438 2726 dein
477 2693 642 2727 nonnulli
673 2696 832 2739 episcopi
858 2706 935 2728 cum
968 2696 1149 2730 nonnullis
1177 2701 1211 2729 et
1235 2690 1364 2729 omnes
1382 2695 1458 2728 fere
1483 2705 1560 2728 cum
1584 2694 1743 2727 omnibus

285 2740 528 2784 dissedissent,
557 2746 720 2788 tanquam
751 2743 969 2787 poenitentia
994 2744 1078 2776 tacti
1106 2749 1140 2777 et
1172 2742 1412 2788 magnitudine
1448 2741 1622 2777 scelerum
1657 2750 1743 2777 suo-
