<?xml version="1.0" encoding="UTF-8"?>
<!DOCTYPE html PUBLIC "-//W3C//DTD XHTML 1.0 Transitional//EN"
    "http://www.w3.org/TR/xhtml1/DTD/xhtml1-transitional.dtd">
<html xmlns="http://www.w3.org/1999/xhtml" xml:lang="en" lang="en">
 <head>
  <title>
</title>
<meta http-equiv="Content-Type" content="text/html;charset=utf-8" />
  <meta name='ocr-system' content='tesseract 3.04.00' />
  <meta name='ocr-capabilities' content='ocr_page ocr_carea ocr_par ocr_line ocrx_word'/>
</head>
<body>
  <div class='ocr_page' id='page_1' title='image "./corpusscriptorum40niebuoft_0306.png"; bbox 0 0 1826 3120; ppageno 0'>
   <div class='ocr_carea' id='block_1_1' title="bbox 1600 0 1826 59">
    <p class='ocr_par' dir='ltr' id='par_1_1' title="bbox 1600 0 1826 59">
     <span class='ocr_line' id='line_1_1' title="bbox 1600 0 1826 59; baseline 0 3061"><span class='ocrx_word' id='word_1_1' title='bbox 1600 0 1826 59; x_wconf 95' lang='lat' dir='ltr'><strong> </strong></span> 
     </span>
    </p>
   </div>
   <div class='ocr_carea' id='block_1_2' title="bbox 314 145 1394 213">
    <p class='ocr_par' dir='ltr' id='par_1_2' title="bbox 314 145 1394 213">
     <span class='ocr_line' id='line_1_2' title="bbox 314 145 1394 213; baseline 0.006 -7"><span class='ocrx_word' id='word_1_2' title='bbox 314 154 412 207; x_wconf 74' lang='lat'><strong>294</strong></span> <span class='ocrx_word' id='word_1_3' title='bbox 556 145 567 152; x_wconf 81' lang='grc'><em>“</em></span> <span class='ocrx_word' id='word_1_4' title='bbox 737 159 1032 211; x_wconf 69' lang='lat' dir='ltr'><strong>memnoni</strong></span> <span class='ocrx_word' id='word_1_5' title='bbox 1076 156 1394 213; x_wconf 64' lang='lat' dir='ltr'><strong>eamcam</strong></span> 
     </span>
    </p>
   </div>
   <div class='ocr_carea' id='block_1_3' title="bbox 314 270 1820 334">
    <p class='ocr_par' dir='ltr' id='par_1_3' title="bbox 314 270 1820 334">
     <span class='ocr_line' id='line_1_3' title="bbox 314 270 1820 334; baseline 0.008 -21"><span class='ocrx_word' id='word_1_6' title='bbox 314 271 491 327; x_wconf 82' lang='grc' dir='ltr'><strong><em>οἲνόητος</em></strong></span> <span class='ocrx_word' id='word_1_7' title='bbox 522 270 638 317; x_wconf 83' lang='grc' dir='ltr'><strong><em>ἔσται</em></strong></span> <span class='ocrx_word' id='word_1_8' title='bbox 677 275 701 329; x_wconf 78' lang='grc' dir='ltr'><em>ἢ</em></span> <span class='ocrx_word' id='word_1_9' title='bbox 741 273 865 316; x_wconf 75' lang='grc' dir='ltr'><strong><em>ου’σία</em></strong></span> <span class='ocrx_word' id='word_1_10' title='bbox 896 270 1056 316; x_wconf 75' lang='grc' dir='ltr'><strong><em>αὕτοῦ·</em></strong></span> <span class='ocrx_word' id='word_1_11' title='bbox 1125 273 1170 317; x_wconf 85' lang='grc' dir='ltr'><strong>εἴ</strong></span> <span class='ocrx_word' id='word_1_12' title='bbox 1191 292 1229 318; x_wconf 80' lang='grc' dir='ltr'><strong><em>τι</em></strong></span> <span class='ocrx_word' id='word_1_13' title='bbox 1260 278 1304 318; x_wconf 78' lang='grc' dir='ltr'><strong>δὲ</strong></span> <span class='ocrx_word' id='word_1_14' title='bbox 1327 271 1447 332; x_wconf 75' lang='grc' dir='ltr'><strong>ἔχεῖ,</strong></span> <span class='ocrx_word' id='word_1_15' title='bbox 1489 276 1768 334; x_wconf 52' lang='lat' dir='ltr'><strong>audiam-017</strong></span> <span class='ocrx_word' id='word_1_16' title='bbox 1805 285 1820 330; x_wconf 56' lang='grc' dir='ltr'>ᾗ</span> 
     </span>
    </p>
   </div>
   <div class='ocr_carea' id='block_1_4' title="bbox 320 336 1767 403">
    <p class='ocr_par' dir='ltr' id='par_1_4' title="bbox 320 336 1767 403">
     <span class='ocr_line' id='line_1_4' title="bbox 320 336 1767 403; baseline 0.007 -23"><span class='ocrx_word' id='word_1_17' title='bbox 320 337 424 393; x_wconf 79' lang='grc' dir='ltr'><strong><em>ἔχει,</em></strong></span> <span class='ocrx_word' id='word_1_18' title='bbox 454 340 505 381; x_wconf 81' lang='grc' dir='ltr'><strong>ου’</strong></span> <span class='ocrx_word' id='word_1_19' title='bbox 535 343 634 396; x_wconf 79' lang='grc' dir='ltr'><strong><em>παρ’</em></strong></span> <span class='ocrx_word' id='word_1_20' title='bbox 668 336 811 384; x_wconf 77' lang='grc' dir='ltr'><strong><em>ἄλλον.</em></strong></span> <span class='ocrx_word' id='word_1_21' title='bbox 869 343 969 384; x_wconf 78' lang='grc' dir='ltr'><strong><em>εἰδὲ</em></strong></span> <span class='ocrx_word' id='word_1_22' title='bbox 998 344 1097 397; x_wconf 85' lang='grc' dir='ltr'><strong><em>παρ’</em></strong></span> <span class='ocrx_word' id='word_1_23' title='bbox 1131 339 1289 386; x_wconf 71' lang='grc' dir='ltr'><strong><em>ἑαυτοῦ</em></strong></span> <span class='ocrx_word' id='word_1_24' title='bbox 1305 347 1380 388; x_wconf 84' lang='grc' dir='ltr'><strong><em>καί</em></strong></span> <span class='ocrx_word' id='word_1_25' title='bbox 1405 347 1449 399; x_wconf 77' lang='grc' dir='ltr'><strong>ἐξ</strong></span> <span class='ocrx_word' id='word_1_26' title='bbox 1477 343 1639 392; x_wconf 71' lang='grc' dir='ltr'><strong><em>ἑαυτοῦ</em></strong></span> <span class='ocrx_word' id='word_1_27' title='bbox 1665 354 1767 403; x_wconf 81' lang='grc' dir='ltr'><strong><em>νοεῖ,</em></strong></span> 
     </span>
    </p>
   </div>
   <div class='ocr_carea' id='block_1_5' title="bbox 1154 405 1245 421">
    <p class='ocr_par' dir='ltr' id='par_1_5' title="bbox 1154 405 1245 421">
     <span class='ocr_line' id='line_1_5' title="bbox 1154 405 1245 421; baseline -0.011 0"><span class='ocrx_word' id='word_1_28' title='bbox 1154 405 1172 421; x_wconf 69' lang='lat' dir='ltr'><strong>‘n</strong></span> <span class='ocrx_word' id='word_1_29' title='bbox 1226 405 1245 420; x_wconf 70' lang='lat' dir='ltr'><strong>’l</strong></span> 
     </span>
    </p>
   </div>
   <div class='ocr_carea' id='block_1_6' title="bbox 318 406 1818 537">
    <p class='ocr_par' dir='ltr' id='par_1_6' title="bbox 318 406 1818 537">
     <span class='ocr_line' id='line_1_6' title="bbox 320 406 1818 466; baseline 0.008 -19"><span class='ocrx_word' id='word_1_30' title='bbox 320 406 445 455; x_wconf 71' lang='grc' dir='ltr'><strong><em>αὐτός</em></strong></span> <span class='ocrx_word' id='word_1_31' title='bbox 472 408 585 450; x_wconf 79' lang='grc' dir='ltr'><strong><em>ἐστιν</em></strong></span> <span class='ocrx_word' id='word_1_32' title='bbox 615 406 644 449; x_wconf 77' lang='grc' dir='ltr'><em>όῖ</em></span> <span class='ocrx_word' id='word_1_33' title='bbox 673 413 770 453; x_wconf 85' lang='grc' dir='ltr'><strong><em>νοεῖ.</em></strong></span> <span class='ocrx_word' id='word_1_34' title='bbox 831 409 983 450; x_wconf 69' lang='grc' dir='ltr'><strong><em>οὐκοῦν</em></strong></span> <span class='ocrx_word' id='word_1_35' title='bbox 1014 412 1108 459; x_wconf 81' lang='grc' dir='ltr'><strong><em>νοῦς</em></strong></span> <span class='ocrx_word' id='word_1_36' title='bbox 1137 426 1196 452; x_wconf 90' lang='grc' dir='ltr'><strong>ων</strong></span> <span class='ocrx_word' id='word_1_37' title='bbox 1223 426 1347 462; x_wconf 83' lang='grc' dir='ltr'><strong><em>οντως</em></strong></span> <span class='ocrx_word' id='word_1_38' title='bbox 1389 418 1480 455; x_wconf 83' lang='grc' dir='ltr'><strong><em>νοεῖ</em></strong></span> <span class='ocrx_word' id='word_1_39' title='bbox 1502 412 1554 456; x_wconf 81' lang='grc' dir='ltr'><strong>τοὶ</strong></span> <span class='ocrx_word' id='word_1_40' title='bbox 1586 410 1685 458; x_wconf 75' lang='grc' dir='ltr'><strong><em>ὄντα</em></strong></span> <span class='ocrx_word' id='word_1_41' title='bbox 1711 413 1771 466; x_wconf 76' lang='grc' dir='ltr'><strong><em>ὥς</em></strong></span> <span class='ocrx_word' id='word_1_42' title='bbox 1814 423 1818 426; x_wconf 88' lang='grc'><strong><em>’</em></strong></span> 
     </span>
     <span class='ocr_line' id='line_1_7' title="bbox 318 466 1817 537; baseline 0.008 -23"><span class='ocrx_word' id='word_1_43' title='bbox 318 466 410 515; x_wconf 53' lang='grc' dir='ltr'><strong><em>ὤν’.</em></strong></span> <span class='ocrx_word' id='word_1_44' title='bbox 469 471 569 531; x_wconf 75' lang='grc' dir='ltr'><strong><em>δρᾷς</em></strong></span> <span class='ocrx_word' id='word_1_45' title='bbox 589 478 675 524; x_wconf 74' lang='grc' dir='ltr'><strong><em>πῶς</em></strong></span> <span class='ocrx_word' id='word_1_46' title='bbox 706 472 917 529; x_wconf 77' lang='grc' dir='ltr'><strong><em>ἐνέργειαν</em></strong></span> <span class='ocrx_word' id='word_1_47' title='bbox 946 493 1012 518; x_wconf 88' lang='grc' dir='ltr'><strong><em>και</em></strong></span> <span class='ocrx_word' id='word_1_48' title='bbox 1046 479 1143 519; x_wconf 81' lang='grc' dir='ltr'><strong><em>νοῦν</em></strong></span> <span class='ocrx_word' id='word_1_49' title='bbox 1171 494 1239 519; x_wconf 85' lang='grc' dir='ltr'><strong><em>και</em></strong></span> <span class='ocrx_word' id='word_1_50' title='bbox 1254 484 1362 520; x_wconf 83' lang='grc' dir='ltr'><strong><em>νοεῖι</em></strong></span> <span class='ocrx_word' id='word_1_51' title='bbox 1390 480 1469 522; x_wconf 68' lang='grc' dir='ltr'><strong>καί</strong></span> <span class='ocrx_word' id='word_1_52' title='bbox 1492 487 1681 537; x_wconf 78' lang='grc' dir='ltr'><strong><em>φρονεῖν,</em></strong></span> <span class='ocrx_word' id='word_1_53' title='bbox 1710 481 1772 527; x_wconf 81' lang='grc' dir='ltr'><strong>εἶ-</strong></span> <span class='ocrx_word' id='word_1_54' title='bbox 1815 483 1817 488; x_wconf 59' lang='grc'><strong><em>’</em></strong></span> 
     </span>
    </p>
   </div>
   <div class='ocr_carea' id='block_1_7' title="bbox 233 541 1808 690">
    <p class='ocr_par' dir='ltr' id='par_1_7' title="bbox 233 541 1808 667">
     <span class='ocr_line' id='line_1_8' title="bbox 318 541 1808 600; baseline 0.008 -20"><span class='ocrx_word' id='word_1_55' title='bbox 318 554 417 581; x_wconf 81' lang='grc' dir='ltr'><strong><em>τουν</em></strong></span> <span class='ocrx_word' id='word_1_56' title='bbox 449 541 590 594; x_wconf 81' lang='grc' dir='ltr'><strong><em>νόησιν</em></strong></span> <span class='ocrx_word' id='word_1_57' title='bbox 619 543 689 584; x_wconf 80' lang='grc' dir='ltr'><strong>καὶ</strong></span> <span class='ocrx_word' id='word_1_58' title='bbox 719 542 939 597; x_wconf 83' lang='grc' dir='ltr'><strong><em>φρόνησιν,</em></strong></span> <span class='ocrx_word' id='word_1_59' title='bbox 969 543 1120 585; x_wconf 70' lang='grc' dir='ltr'><strong><em>ταύτὸν</em></strong></span> <span class='ocrx_word' id='word_1_60' title='bbox 1149 545 1196 600; x_wconf 81' lang='grc' dir='ltr'><strong>τῇ</strong></span> <span class='ocrx_word' id='word_1_61' title='bbox 1226 543 1349 587; x_wconf 72' lang='grc' dir='ltr'><strong><em>οὐσία</em></strong></span> <span class='ocrx_word' id='word_1_62' title='bbox 1381 547 1638 589; x_wconf 67' lang='grc' dir='ltr'><strong><em>δείκνυσιν“</em></strong></span> <span class='ocrx_word' id='word_1_63' title='bbox 1616 565 1636 590; x_wconf 91' lang='lat' dir='ltr'><strong>o</strong></span> <span class='ocrx_word' id='word_1_64' title='bbox 1657 551 1808 599; x_wconf 70' lang='grc' dir='ltr'><strong><em>θεῖοςᾰ</em></strong></span> 
     </span>
     <span class='ocr_line' id='line_1_9' title="bbox 233 606 1776 690; baseline 0.007 -44"><span class='ocrx_word' id='word_1_65' title='bbox 233 606 309 641; x_wconf 75' lang='lat'><strong>85</strong></span> <span class='ocrx_word' id='word_1_66' title='bbox 334 622 451 655; x_wconf 86' lang='grc' dir='ltr'><strong><em>ουτος</em></strong></span> <span class='ocrx_word' id='word_1_67' title='bbox 478 606 754 661; x_wconf 79' lang='grc' dir='ltr'><strong><em>διδάσκαλος;</em></strong></span> <span class='ocrx_word' id='word_1_68' title='bbox 797 623 923 650; x_wconf 84' lang='grc' dir='ltr'><strong><em>ακουε</em></strong></span> <span class='ocrx_word' id='word_1_69' title='bbox 965 610 1010 650; x_wconf 80' lang='grc' dir='ltr'><strong>δὲ</strong></span> <span class='ocrx_word' id='word_1_70' title='bbox 1053 609 1197 652; x_wconf 83' lang='grc' dir='ltr'><strong><em>λοιπόν</em></strong></span> <span class='ocrx_word' id='word_1_71' title='bbox 1230 627 1297 653; x_wconf 85' lang='grc' dir='ltr'><strong><em>και</em></strong></span> <span class='ocrx_word' id='word_1_72' title='bbox 1341 608 1488 690; x_wconf 74' lang='grc' dir='ltr'><strong><em>ἑτέραν</em></strong></span> <span class='ocrx_word' id='word_1_73' title='bbox 1525 615 1603 655; x_wconf 80' lang='grc' dir='ltr'><strong>τοῦ</strong></span> <span class='ocrx_word' id='word_1_74' title='bbox 1644 615 1776 658; x_wconf 69' lang='grc' dir='ltr'><strong><em>αὐτοῦ</em></strong></span> 
     </span>
    </p>
   </div>
   <div class='ocr_carea' id='block_1_8' title="bbox 317 671 1821 729">
    <p class='ocr_par' dir='ltr' id='par_1_8' title="bbox 317 671 1821 729">
     <span class='ocr_line' id='line_1_10' title="bbox 317 671 1821 729; baseline 0.007 -16"><span class='ocrx_word' id='word_1_75' title='bbox 317 671 443 728; x_wconf 79' lang='grc' dir='ltr'><strong><em>ρῆσιν</em></strong></span> <span class='ocrx_word' id='word_1_76' title='bbox 472 671 625 725; x_wconf 74' lang='grc' dir='ltr'><strong><em>ὁμοίως</em></strong></span> <span class='ocrx_word' id='word_1_77' title='bbox 664 673 859 728; x_wconf 82' lang='grc' dir='ltr'><strong><em>ἔχουσαν.</em></strong></span> <span class='ocrx_word' id='word_1_78' title='bbox 928 674 1079 717; x_wconf 77' lang='grc' dir='ltr'><strong><em>“ου’δὲν</em></strong></span> <span class='ocrx_word' id='word_1_79' title='bbox 1112 679 1194 719; x_wconf 76' lang='grc' dir='ltr'><strong>τῶν</strong></span> <span class='ocrx_word' id='word_1_80' title='bbox 1225 671 1357 719; x_wconf 77' lang='grc' dir='ltr'><strong><em>ὄντων</em></strong></span> <span class='ocrx_word' id='word_1_81' title='bbox 1386 678 1432 720; x_wconf 85' lang='grc' dir='ltr'><strong>τὸ</strong></span> <span class='ocrx_word' id='word_1_82' title='bbox 1467 677 1640 723; x_wconf 74' lang='grc' dir='ltr'><strong><em>σύνολον</em></strong></span> <span class='ocrx_word' id='word_1_83' title='bbox 1667 680 1770 724; x_wconf 73' lang='grc' dir='ltr'><strong><em>αὕτό</em></strong></span> <span class='ocrx_word' id='word_1_84' title='bbox 1815 703 1821 729; x_wconf 48' lang='lat' dir='ltr'>g</span> 
     </span>
    </p>
   </div>
   <div class='ocr_carea' id='block_1_9' title="bbox 316 737 1817 805">
    <p class='ocr_par' dir='ltr' id='par_1_9' title="bbox 316 737 1817 805">
     <span class='ocr_line' id='line_1_11' title="bbox 316 737 1817 805; baseline 0.008 -27"><span class='ocrx_word' id='word_1_85' title='bbox 316 741 412 779; x_wconf 75' lang='grc' dir='ltr'><strong><em>καθ’</em></strong></span> <span class='ocrx_word' id='word_1_86' title='bbox 443 738 548 780; x_wconf 83' lang='grc' dir='ltr'><strong><em>αὑτό</em></strong></span> <span class='ocrx_word' id='word_1_87' title='bbox 581 739 780 795; x_wconf 57' lang='grc' dir='ltr'><strong><em>ἁπλῆεμς</em></strong></span> <span class='ocrx_word' id='word_1_88' title='bbox 810 738 936 783; x_wconf 73' lang='grc' dir='ltr'><strong><em>οὖσία</em></strong></span> <span class='ocrx_word' id='word_1_89' title='bbox 966 737 992 796; x_wconf 75' lang='grc' dir='ltr'><em>ἢ</em></span> <span class='ocrx_word' id='word_1_90' title='bbox 1022 739 1163 797; x_wconf 90' lang='grc' dir='ltr'><strong><em>νόησις</em></strong></span> <span class='ocrx_word' id='word_1_91' title='bbox 1193 744 1323 797; x_wconf 79' lang='grc' dir='ltr'><strong><em>ἐστίν,</em></strong></span> <span class='ocrx_word' id='word_1_92' title='bbox 1367 745 1435 786; x_wconf 79' lang='grc' dir='ltr'><strong>ἵνα</strong></span> <span class='ocrx_word' id='word_1_93' title='bbox 1481 746 1554 787; x_wconf 80' lang='grc' dir='ltr'>καί</span> <span class='ocrx_word' id='word_1_94' title='bbox 1581 745 1716 800; x_wconf 80' lang='grc' dir='ltr'><strong><em>μονὰς</em></strong></span> <span class='ocrx_word' id='word_1_95' title='bbox 1745 743 1774 805; x_wconf 79' lang='grc' dir='ltr'><em>ᾗ</em></span> <span class='ocrx_word' id='word_1_96' title='bbox 1812 766 1817 795; x_wconf 62' lang='grc' dir='ltr'><strong>χ</strong></span> 
     </span>
    </p>
   </div>
   <div class='ocr_carea' id='block_1_10' title="bbox 320 804 1771 869">
    <p class='ocr_par' dir='ltr' id='par_1_10' title="bbox 320 804 1771 869">
     <span class='ocr_line' id='line_1_12' title="bbox 320 804 1771 869; baseline 0.007 -24"><span class='ocrx_word' id='word_1_97' title='bbox 320 804 571 859; x_wconf 81' lang='grc' dir='ltr'><strong><em>α’διαι’.ρετος</em></strong></span> <span class='ocrx_word' id='word_1_98' title='bbox 629 805 699 848; x_wconf 84' lang='grc' dir='ltr'><strong>τόν</strong></span> <span class='ocrx_word' id='word_1_99' title='bbox 730 808 775 848; x_wconf 80' lang='grc' dir='ltr'><strong>δὲ</strong></span> <span class='ocrx_word' id='word_1_100' title='bbox 803 805 905 849; x_wconf 77' lang='grc' dir='ltr'><strong><em>θεὸν</em></strong></span> <span class='ocrx_word' id='word_1_101' title='bbox 936 806 1018 850; x_wconf 82' lang='grc' dir='ltr'><strong><em>εἴτε</em></strong></span> <span class='ocrx_word' id='word_1_102' title='bbox 1051 806 1201 850; x_wconf 87' lang='grc' dir='ltr'><strong><em>ουσιάν</em></strong></span> <span class='ocrx_word' id='word_1_103' title='bbox 1223 809 1434 867; x_wconf 80' lang='grc' dir='ltr'><strong><em>εἴποιμεν,</em></strong></span> <span class='ocrx_word' id='word_1_104' title='bbox 1466 811 1541 853; x_wconf 72' lang='grc' dir='ltr'><strong>οὐκ</strong></span> <span class='ocrx_word' id='word_1_105' title='bbox 1571 812 1659 868; x_wconf 78' lang='grc' dir='ltr'><strong><em>ἔχει</em></strong></span> <span class='ocrx_word' id='word_1_106' title='bbox 1689 830 1771 869; x_wconf 88' lang='grc' dir='ltr'><strong>φυ-</strong></span> 
     </span>
    </p>
   </div>
   <div class='ocr_carea' id='block_1_11' title="bbox 316 873 1806 938">
    <p class='ocr_par' dir='ltr' id='par_1_11' title="bbox 316 873 1806 938">
     <span class='ocr_line' id='line_1_13' title="bbox 316 873 1806 938; baseline 0.008 -24"><span class='ocrx_word' id='word_1_107' title='bbox 316 874 443 922; x_wconf 69' lang='grc' dir='ltr'><strong><em>σικαῖς</em></strong></span> <span class='ocrx_word' id='word_1_108' title='bbox 477 877 856 929; x_wconf 85' lang='grc' dir='ltr'><strong><em>συνεπινοουμὲνην</em></strong></span> <span class='ocrx_word' id='word_1_109' title='bbox 885 873 960 928; x_wconf 72' lang='grc' dir='ltr'><strong>τήν</strong></span> <span class='ocrx_word' id='word_1_110' title='bbox 996 877 1071 917; x_wconf 82' lang='grc' dir='ltr'><strong>τοῦ</strong></span> <span class='ocrx_word' id='word_1_111' title='bbox 1099 879 1289 918; x_wconf 79' lang='grc' dir='ltr'><strong><em>νοεῖσθαι</em></strong></span> <span class='ocrx_word' id='word_1_112' title='bbox 1321 878 1528 932; x_wconf 79' lang='grc' dir='ltr'><strong><em>δύναμιν,</em></strong></span> <span class='ocrx_word' id='word_1_113' title='bbox 1557 879 1626 922; x_wconf 79' lang='grc' dir='ltr'><strong>ἵνα</strong></span> <span class='ocrx_word' id='word_1_114' title='bbox 1655 879 1714 935; x_wconf 74' lang='grc' dir='ltr'><strong>μὴ</strong></span> <span class='ocrx_word' id='word_1_115' title='bbox 1744 875 1806 938; x_wconf 75' lang='grc' dir='ltr'><strong>ᾗῙ</strong></span> 
     </span>
    </p>
   </div>
   <div class='ocr_carea' id='block_1_12' title="bbox 317 937 1775 1002">
    <p class='ocr_par' dir='ltr' id='par_1_12' title="bbox 317 937 1775 1002">
     <span class='ocr_line' id='line_1_14' title="bbox 317 937 1775 1002; baseline 0.006 -22"><span class='ocrx_word' id='word_1_116' title='bbox 317 939 545 988; x_wconf 75' lang='grc' dir='ltr'><strong><em>σύνθετος·</em></strong></span> <span class='ocrx_word' id='word_1_117' title='bbox 603 937 686 982; x_wconf 81' lang='grc' dir='ltr'><strong><em>εἶτε</em></strong></span> <span class='ocrx_word' id='word_1_118' title='bbox 714 939 869 995; x_wconf 86' lang='grc' dir='ltr'><strong><em>νόησιν,</em></strong></span> <span class='ocrx_word' id='word_1_119' title='bbox 902 941 976 982; x_wconf 81' lang='grc' dir='ltr'><strong>οὐκ</strong></span> <span class='ocrx_word' id='word_1_120' title='bbox 1008 939 1098 996; x_wconf 79' lang='grc' dir='ltr'><strong><em>ἔχει</em></strong></span> <span class='ocrx_word' id='word_1_121' title='bbox 1129 944 1320 998; x_wconf 80' lang='grc' dir='ltr'><strong><em>φυσικῶς</em></strong></span> <span class='ocrx_word' id='word_1_122' title='bbox 1361 944 1552 1001; x_wconf 76' lang='grc' dir='ltr'><strong><em>δεκτικῆν</em></strong></span> <span class='ocrx_word' id='word_1_123' title='bbox 1573 947 1647 1001; x_wconf 77' lang='grc' dir='ltr'><strong><em>τῆς</em></strong></span> <span class='ocrx_word' id='word_1_124' title='bbox 1675 947 1775 1002; x_wconf 82' lang='grc' dir='ltr'><strong><em>νοή-</em></strong></span> 
     </span>
    </p>
   </div>
   <div class='ocr_carea' id='block_1_13' title="bbox 1812 791 1818 813">
    <p class='ocr_par' dir='ltr' id='par_1_13' title="bbox 1812 791 1818 813">
     <span class='ocr_line' id='line_1_15' title="bbox 1812 791 1818 813; baseline 0 0"><span class='ocrx_word' id='word_1_125' title='bbox 1812 791 1818 813; x_wconf 69' lang='lat'><strong>&#39;3</strong></span> 
     </span>
    </p>
   </div>
   <div class='ocr_carea' id='block_1_14' title="bbox 1813 867 1820 885">
    <p class='ocr_par' dir='ltr' id='par_1_14' title="bbox 1813 867 1820 885">
     <span class='ocr_line' id='line_1_16' title="bbox 1813 867 1820 885; baseline 0 0"><span class='ocrx_word' id='word_1_126' title='bbox 1813 867 1820 885; x_wconf 66' lang='lat'>1</span> 
     </span>
    </p>
   </div>
   <div class='ocr_carea' id='block_1_15' title="bbox 317 1003 1821 1139">
    <p class='ocr_par' dir='ltr' id='par_1_15' title="bbox 317 1003 1821 1135">
     <span class='ocr_line' id='line_1_17' title="bbox 320 1003 1821 1067; baseline 0.007 -21"><span class='ocrx_word' id='word_1_127' title='bbox 320 1020 426 1055; x_wconf 82' lang='grc' dir='ltr'><strong><em>σεως</em></strong></span> <span class='ocrx_word' id='word_1_128' title='bbox 453 1003 724 1061; x_wconf 71' lang='grc' dir='ltr'><strong><em>ὑποκειμένην</em></strong></span> <span class='ocrx_word' id='word_1_129' title='bbox 754 1008 913 1051; x_wconf 83' lang='grc' dir='ltr'><strong><em>ου’σίαν.</em></strong></span> <span class='ocrx_word' id='word_1_130' title='bbox 945 1007 1036 1050; x_wconf 70' lang='grc' dir='ltr'><strong>ἀλλ’</strong></span> <span class='ocrx_word' id='word_1_131' title='bbox 1068 1007 1170 1050; x_wconf 71' lang='grc' dir='ltr'><strong>αὐτό</strong></span> <span class='ocrx_word' id='word_1_132' title='bbox 1200 1011 1288 1051; x_wconf 83' lang='grc' dir='ltr'><strong>κατ’</strong></span> <span class='ocrx_word' id='word_1_133' title='bbox 1320 1011 1469 1053; x_wconf 73' lang='grc' dir='ltr'><strong><em>οὐσίαν</em></strong></span> <span class='ocrx_word' id='word_1_134' title='bbox 1499 1009 1636 1067; x_wconf 73' lang='grc' dir='ltr'><strong><em>νόησίς</em></strong></span> <span class='ocrx_word' id='word_1_135' title='bbox 1663 1014 1775 1056; x_wconf 81' lang='grc' dir='ltr'><strong><em>ἐστιν</em></strong></span> <span class='ocrx_word' id='word_1_136' title='bbox 1813 1022 1821 1062; x_wconf 66' lang='lat' dir='ltr'>s</span> 
     </span>
     <span class='ocr_line' id='line_1_18' title="bbox 317 1065 1817 1139; baseline 0.005 -26"><span class='ocrx_word' id='word_1_137' title='bbox 317 1072 339 1114; x_wconf 96' lang='lat'><strong>6</strong></span> <span class='ocrx_word' id='word_1_138' title='bbox 371 1072 485 1126; x_wconf 75' lang='grc' dir='ltr'><strong><em>θεός,</em></strong></span> <span class='ocrx_word' id='word_1_139' title='bbox 514 1065 586 1114; x_wconf 85' lang='grc' dir='ltr'><em>καί</em></span> <span class='ocrx_word' id='word_1_140' title='bbox 615 1068 707 1139; x_wconf 79' lang='grc' dir='ltr'><strong><em>ὅλος</em></strong></span> <span class='ocrx_word' id='word_1_141' title='bbox 738 1076 893 1129; x_wconf 87' lang='grc' dir='ltr'><strong><em>νόησις</em></strong></span> <span class='ocrx_word' id='word_1_142' title='bbox 905 1092 973 1118; x_wconf 87' lang='grc' dir='ltr'><strong><em>και</em></strong></span> <span class='ocrx_word' id='word_1_143' title='bbox 1003 1073 1144 1129; x_wconf 86' lang='grc' dir='ltr'><strong><em>μόνον,</em></strong></span> <span class='ocrx_word' id='word_1_144' title='bbox 1176 1092 1245 1118; x_wconf 86' lang='grc' dir='ltr'><strong><em>και</em></strong></span> <span class='ocrx_word' id='word_1_145' title='bbox 1276 1076 1379 1119; x_wconf 77' lang='grc' dir='ltr'><strong>αιῖτὸ</strong></span> <span class='ocrx_word' id='word_1_146' title='bbox 1399 1078 1502 1120; x_wconf 69' lang='grc' dir='ltr'><strong>κατὰ</strong></span> <span class='ocrx_word' id='word_1_147' title='bbox 1531 1096 1604 1133; x_wconf 83' lang='grc' dir='ltr'><strong>την</strong></span> <span class='ocrx_word' id='word_1_148' title='bbox 1635 1078 1777 1135; x_wconf 86' lang='grc' dir='ltr'><strong><em>νόησιν</em></strong></span> <span class='ocrx_word' id='word_1_149' title='bbox 1814 1118 1817 1120; x_wconf 72' lang='grc'><strong><em>,</em></strong></span> 
     </span>
    </p>
   </div>
   <div class='ocr_carea' id='block_1_16' title="bbox 319 1135 1774 1201">
    <p class='ocr_par' dir='ltr' id='par_1_16' title="bbox 319 1135 1774 1201">
     <span class='ocr_line' id='line_1_19' title="bbox 319 1135 1774 1201; baseline 0.006 -21"><span class='ocrx_word' id='word_1_150' title='bbox 319 1139 455 1192; x_wconf 82' lang='grc' dir='ltr'><strong><em>ου’σιά,</em></strong></span> <span class='ocrx_word' id='word_1_151' title='bbox 477 1155 544 1180; x_wconf 85' lang='grc' dir='ltr'><strong><em>και</em></strong></span> <span class='ocrx_word' id='word_1_152' title='bbox 564 1135 657 1188; x_wconf 79' lang='grc' dir='ltr'><strong><em>ὅλος</em></strong></span> <span class='ocrx_word' id='word_1_153' title='bbox 678 1141 800 1183; x_wconf 73' lang='grc' dir='ltr'><strong><em>οὐσία</em></strong></span> <span class='ocrx_word' id='word_1_154' title='bbox 823 1158 892 1184; x_wconf 86' lang='grc' dir='ltr'><strong><em>και</em></strong></span> <span class='ocrx_word' id='word_1_155' title='bbox 912 1141 1056 1196; x_wconf 83' lang='grc' dir='ltr'><strong><em>μόνον,</em></strong></span> <span class='ocrx_word' id='word_1_156' title='bbox 1075 1159 1141 1184; x_wconf 87' lang='grc' dir='ltr'><strong><em>και</em></strong></span> <span class='ocrx_word' id='word_1_157' title='bbox 1161 1140 1266 1197; x_wconf 71' lang='grc' dir='ltr'><strong>ὑπὲρ</strong></span> <span class='ocrx_word' id='word_1_158' title='bbox 1288 1145 1436 1186; x_wconf 82' lang='grc' dir='ltr'><strong><em>ουσίαν</em></strong></span> <span class='ocrx_word' id='word_1_159' title='bbox 1456 1142 1563 1197; x_wconf 73' lang='grc' dir='ltr'><strong><em>ὅλος,</em></strong></span> <span class='ocrx_word' id='word_1_160' title='bbox 1582 1146 1654 1188; x_wconf 82' lang='grc' dir='ltr'><strong><em>καί</em></strong></span> <span class='ocrx_word' id='word_1_161' title='bbox 1671 1144 1774 1201; x_wconf 57' lang='lat' dir='ltr'><strong>§usp</strong></span> 
     </span>
    </p>
   </div>
   <div class='ocr_carea' id='block_1_17' title="bbox 319 1201 1809 1289">
    <p class='ocr_par' dir='ltr' id='par_1_17' title="bbox 319 1201 1809 1289">
     <span class='ocr_line' id='line_1_20' title="bbox 319 1201 1809 1289; baseline 0.007 -42"><span class='ocrx_word' id='word_1_162' title='bbox 319 1207 461 1260; x_wconf 87' lang='grc' dir='ltr'><strong><em>νόησιν</em></strong></span> <span class='ocrx_word' id='word_1_163' title='bbox 485 1201 597 1260; x_wconf 75' lang='grc' dir='ltr'><strong><em>ὅλος,</em></strong></span> <span class='ocrx_word' id='word_1_164' title='bbox 629 1208 735 1249; x_wconf 75' lang='grc' dir='ltr'><strong><em>διότι</em></strong></span> <span class='ocrx_word' id='word_1_165' title='bbox 757 1207 892 1289; x_wconf 64' lang='grc' dir='ltr'><strong><em>μονὰς</em></strong></span> <span class='ocrx_word' id='word_1_166' title='bbox 910 1210 1151 1263; x_wconf 72' lang='grc' dir='ltr'><strong><em>ἀδιαίρετος</em></strong></span> <span class='ocrx_word' id='word_1_167' title='bbox 1167 1226 1234 1251; x_wconf 87' lang='grc' dir='ltr'><strong><em>και</em></strong></span> <span class='ocrx_word' id='word_1_168' title='bbox 1258 1210 1418 1266; x_wconf 82' lang='grc' dir='ltr'><strong><em>οἷμερὴς</em></strong></span> <span class='ocrx_word' id='word_1_169' title='bbox 1437 1229 1503 1254; x_wconf 90' lang='grc' dir='ltr'><strong><em>και</em></strong></span> <span class='ocrx_word' id='word_1_170' title='bbox 1524 1212 1683 1269; x_wconf 57' lang='lat' dir='ltr'><strong>a‘ntqff&#39;</strong></span> <span class='ocrx_word' id='word_1_171' title='bbox 1708 1217 1809 1259; x_wconf 86' lang='grc' dir='ltr'><strong><em>και1</em></strong></span> 
     </span>
    </p>
   </div>
   <div class='ocr_carea' id='block_1_18' title="bbox 321 1269 1779 1336">
    <p class='ocr_par' dir='ltr' id='par_1_18' title="bbox 321 1269 1779 1336">
     <span class='ocr_line' id='line_1_21' title="bbox 321 1269 1779 1336; baseline 0.007 -24"><span class='ocrx_word' id='word_1_172' title='bbox 321 1273 545 1326; x_wconf 84' lang='grc' dir='ltr'><strong><em>α’λλαχου</em></strong></span> <span class='ocrx_word' id='word_1_173' title='bbox 547 1269 694 1325; x_wconf 67' lang='grc' dir='ltr'><strong>εμονοις</strong></span> <span class='ocrx_word' id='word_1_174' title='bbox 713 1273 806 1329; x_wconf 78' lang='grc' dir='ltr'><strong>γάρ’</strong></span> <span class='ocrx_word' id='word_1_175' title='bbox 811 1274 988 1329; x_wconf 55' lang='grc' dir='ltr'><strong><em>’φησιν’</em></strong></span> <span class='ocrx_word' id='word_1_176' title='bbox 991 1271 1033 1330; x_wconf 64' lang='grc' dir='ltr'><strong>“ἦ</strong></span> <span class='ocrx_word' id='word_1_177' title='bbox 1059 1273 1220 1332; x_wconf 79' lang='grc' dir='ltr'><strong><em>θεότης,</em></strong></span> <span class='ocrx_word' id='word_1_178' title='bbox 1239 1293 1306 1318; x_wconf 84' lang='grc' dir='ltr'><strong><em>και</em></strong></span> <span class='ocrx_word' id='word_1_179' title='bbox 1328 1277 1379 1318; x_wconf 78' lang='grc' dir='ltr'><strong>ου’</strong></span> <span class='ocrx_word' id='word_1_180' title='bbox 1400 1278 1518 1331; x_wconf 75' lang='grc' dir='ltr'><strong><em>δυάς,</em></strong></span> <span class='ocrx_word' id='word_1_181' title='bbox 1550 1279 1621 1321; x_wconf 84' lang='grc' dir='ltr'>καί</span> <span class='ocrx_word' id='word_1_182' title='bbox 1646 1277 1779 1336; x_wconf 81' lang='grc' dir='ltr'><strong><em>τριάς,</em></strong></span> 
     </span>
    </p>
   </div>
   <div class='ocr_carea' id='block_1_19' title="bbox 322 1339 1821 1419">
    <p class='ocr_par' dir='ltr' id='par_1_19' title="bbox 322 1339 1821 1419">
     <span class='ocr_line' id='line_1_22' title="bbox 322 1339 1821 1419; baseline 0.005 -39"><span class='ocrx_word' id='word_1_183' title='bbox 322 1340 412 1381; x_wconf 66' lang='lat' dir='ltr'><strong>om</strong></span> <span class='ocrx_word' id='word_1_184' title='bbox 441 1339 490 1380; x_wconf 79' lang='grc' dir='ltr'><strong>οὗ</strong></span> <span class='ocrx_word' id='word_1_185' title='bbox 521 1342 705 1393; x_wconf 74' lang='grc' dir='ltr'><strong><em>πλῆθος,</em></strong></span> <span class='ocrx_word' id='word_1_186' title='bbox 747 1356 804 1389; x_wconf 87' lang='grc' dir='ltr'><strong><em>ως</em></strong></span> <span class='ocrx_word' id='word_1_187' title='bbox 835 1357 1017 1419; x_wconf 86' lang='grc' dir='ltr'><strong><em>αναρχος</em></strong></span> <span class='ocrx_word' id='word_1_188' title='bbox 1046 1342 1272 1395; x_wconf 77' lang='grc' dir='ltr'><strong><em>οἶσώματός</em></strong></span> <span class='ocrx_word' id='word_1_189' title='bbox 1298 1359 1342 1385; x_wconf 82' lang='grc' dir='ltr'><strong>τε</strong></span> <span class='ocrx_word' id='word_1_190' title='bbox 1388 1344 1461 1386; x_wconf 79' lang='grc' dir='ltr'><em>καί</em></span> <span class='ocrx_word' id='word_1_191' title='bbox 1489 1346 1778 1395; x_wconf 86' lang='grc' dir='ltr'><strong><em>α’στασιάστος.</em></strong></span> <span class='ocrx_word' id='word_1_192' title='bbox 1820 1398 1821 1401; x_wconf 12' lang='lat'>¹</span> 
     </span>
    </p>
   </div>
   <div class='ocr_carea' id='block_1_20' title="bbox 322 1404 1781 1597">
    <p class='ocr_par' dir='ltr' id='par_1_20' title="bbox 322 1404 1781 1597">
     <span class='ocr_line' id='line_1_23' title="bbox 322 1404 1781 1466; baseline 0.006 -20"><span class='ocrx_word' id='word_1_193' title='bbox 322 1406 395 1447; x_wconf 85' lang='grc' dir='ltr'>καί</span> <span class='ocrx_word' id='word_1_194' title='bbox 423 1404 592 1447; x_wconf 73' lang='grc' dir='ltr'><strong><em>πάλιν“</em></strong></span> <span class='ocrx_word' id='word_1_195' title='bbox 597 1408 727 1448; x_wconf 81' lang='grc' dir='ltr'><strong><em>ἐκεῖνο</em></strong></span> <span class='ocrx_word' id='word_1_196' title='bbox 763 1407 843 1462; x_wconf 79' lang='grc' dir='ltr'><strong>γὰρ</strong></span> <span class='ocrx_word' id='word_1_197' title='bbox 875 1408 1003 1464; x_wconf 75' lang='grc' dir='ltr'><strong><em>φύσει</em></strong></span> <span class='ocrx_word' id='word_1_198' title='bbox 1032 1408 1272 1461; x_wconf 81' lang='grc' dir='ltr'><strong><em>μονώτατον</em></strong></span> <span class='ocrx_word' id='word_1_199' title='bbox 1311 1412 1490 1466; x_wconf 81' lang='grc' dir='ltr'><strong><em>τέλειον,</em></strong></span> <span class='ocrx_word' id='word_1_200' title='bbox 1519 1413 1565 1454; x_wconf 86' lang='grc' dir='ltr'><strong>τὸ</strong></span> <span class='ocrx_word' id='word_1_201' title='bbox 1596 1412 1781 1455; x_wconf 58' lang='lat' dir='ltr'><strong>dodwe-</strong></span> 
     </span>
     <span class='ocr_line' id='line_1_24' title="bbox 329 1473 1778 1533; baseline 0.006 -19"><span class='ocrx_word' id='word_1_202' title='bbox 329 1488 399 1514; x_wconf 80' lang='grc' dir='ltr'><strong>τον</strong></span> <span class='ocrx_word' id='word_1_203' title='bbox 427 1489 495 1514; x_wconf 88' lang='grc' dir='ltr'><strong><em>και</em></strong></span> <span class='ocrx_word' id='word_1_204' title='bbox 527 1473 779 1516; x_wconf 76' lang='grc' dir='ltr'><strong><em>ἀσκέδαστον</em></strong></span> <span class='ocrx_word' id='word_1_205' title='bbox 811 1491 878 1516; x_wconf 86' lang='grc' dir='ltr'><strong><em>και</em></strong></span> <span class='ocrx_word' id='word_1_206' title='bbox 906 1478 1063 1531; x_wconf 76' lang='grc' dir='ltr'><strong><em>φεῦγον</em></strong></span> <span class='ocrx_word' id='word_1_207' title='bbox 1096 1475 1159 1518; x_wconf 76' lang='grc' dir='ltr'><strong>ἐπ’</strong></span> <span class='ocrx_word' id='word_1_208' title='bbox 1186 1475 1277 1533; x_wconf 85' lang='grc' dir='ltr'><strong><em>ἴσης</em></strong></span> <span class='ocrx_word' id='word_1_209' title='bbox 1308 1476 1351 1520; x_wconf 83' lang='grc' dir='ltr'><strong>τό</strong></span> <span class='ocrx_word' id='word_1_210' title='bbox 1387 1495 1430 1521; x_wconf 83' lang='grc' dir='ltr'><strong>τε</strong></span> <span class='ocrx_word' id='word_1_211' title='bbox 1462 1481 1560 1520; x_wconf 78' lang='grc' dir='ltr'><strong><em>καθ’</em></strong></span> <span class='ocrx_word' id='word_1_212' title='bbox 1589 1476 1778 1522; x_wconf 87' lang='grc' dir='ltr'><strong><em>υπόστα-</em></strong></span> 
     </span>
     <span class='ocr_line' id='line_1_25' title="bbox 324 1538 1778 1597; baseline 0.005 -16"><span class='ocrx_word' id='word_1_213' title='bbox 324 1555 390 1581; x_wconf 88' lang='grc' dir='ltr'><strong>σιν</strong></span> <span class='ocrx_word' id='word_1_214' title='bbox 418 1540 647 1592; x_wconf 81' lang='grc' dir='ltr'><strong><em>μοναδικόν</em></strong></span> <span class='ocrx_word' id='word_1_215' title='bbox 697 1558 763 1582; x_wconf 85' lang='grc' dir='ltr'><strong><em>και</em></strong></span> <span class='ocrx_word' id='word_1_216' title='bbox 794 1540 838 1583; x_wconf 81' lang='grc' dir='ltr'><strong>τό</strong></span> <span class='ocrx_word' id='word_1_217' title='bbox 883 1544 982 1583; x_wconf 73' lang='grc' dir='ltr'><strong>καθ’</strong></span> <span class='ocrx_word' id='word_1_218' title='bbox 1012 1538 1114 1597; x_wconf 67' lang='grc' dir='ltr'><strong><em>ὕλην</em></strong></span> <span class='ocrx_word' id='word_1_219' title='bbox 1146 1544 1291 1586; x_wconf 82' lang='grc' dir='ltr'><strong><em>δυϊκὸν</em></strong></span> <span class='ocrx_word' id='word_1_220' title='bbox 1321 1546 1394 1586; x_wconf 80' lang='grc' dir='ltr'>καί</span> <span class='ocrx_word' id='word_1_221' title='bbox 1434 1543 1478 1588; x_wconf 83' lang='grc' dir='ltr'><strong>τὸ</strong></span> <span class='ocrx_word' id='word_1_222' title='bbox 1512 1550 1599 1588; x_wconf 83' lang='grc' dir='ltr'><strong><em>κατ’</em></strong></span> <span class='ocrx_word' id='word_1_223' title='bbox 1629 1547 1778 1589; x_wconf 81' lang='grc' dir='ltr'><strong><em>ου’σιάν</em></strong></span> 
     </span>
    </p>
   </div>
   <div class='ocr_carea' id='block_1_21' title="bbox 235 1603 1780 1668">
    <p class='ocr_par' dir='ltr' id='par_1_21' title="bbox 235 1603 1780 1668">
     <span class='ocr_line' id='line_1_26' title="bbox 235 1603 1780 1668; baseline 0.006 -22"><span class='ocrx_word' id='word_1_224' title='bbox 235 1617 307 1650; x_wconf 73' lang='lat'><strong>80</strong></span> <span class='ocrx_word' id='word_1_225' title='bbox 323 1603 643 1661; x_wconf 70' lang='grc' dir='ltr'><strong>πληθυντικόν.υ</strong></span> <span class='ocrx_word' id='word_1_226' title='bbox 706 1606 808 1665; x_wconf 76' lang='grc' dir='ltr'><strong><em>ὁρᾷς</em></strong></span> <span class='ocrx_word' id='word_1_227' title='bbox 843 1625 931 1657; x_wconf 88' lang='grc' dir='ltr'><strong><em>πως</em></strong></span> <span class='ocrx_word' id='word_1_228' title='bbox 971 1607 1017 1651; x_wconf 83' lang='grc' dir='ltr'><strong>τὸ</strong></span> <span class='ocrx_word' id='word_1_229' title='bbox 1056 1609 1340 1666; x_wconf 77' lang='grc' dir='ltr'><strong><em>πληθυντικην</em></strong></span> <span class='ocrx_word' id='word_1_230' title='bbox 1386 1615 1576 1654; x_wconf 75' lang='grc' dir='ltr'><strong><em>νοεῖσθαι</em></strong></span> <span class='ocrx_word' id='word_1_231' title='bbox 1605 1611 1681 1668; x_wconf 70' lang='grc' dir='ltr'><strong>τήν</strong></span> <span class='ocrx_word' id='word_1_232' title='bbox 1706 1618 1780 1667; x_wconf 74' lang='grc' dir='ltr'><strong>τῆς</strong></span> 
     </span>
    </p>
   </div>
   <div class='ocr_carea' id='block_1_22' title="bbox 322 1671 1780 1734">
    <p class='ocr_par' dir='ltr' id='par_1_22' title="bbox 322 1671 1780 1734">
     <span class='ocr_line' id='line_1_27' title="bbox 322 1671 1780 1734; baseline 0.004 -19"><span class='ocrx_word' id='word_1_233' title='bbox 322 1671 492 1727; x_wconf 78' lang='grc' dir='ltr'><strong><em>τριάδος</em></strong></span> <span class='ocrx_word' id='word_1_234' title='bbox 528 1675 714 1718; x_wconf 74' lang='grc' dir='ltr'><strong><em>ἐνταῦθα</em></strong></span> <span class='ocrx_word' id='word_1_235' title='bbox 753 1673 928 1730; x_wconf 74' lang='grc' dir='ltr'><strong><em>φωνήν,</em></strong></span> <span class='ocrx_word' id='word_1_236' title='bbox 959 1674 1222 1718; x_wconf 78' lang='grc' dir='ltr'><strong><em>παντάπασιν</em></strong></span> <span class='ocrx_word' id='word_1_237' title='bbox 1265 1676 1287 1719; x_wconf 92' lang='lat'><strong>6</strong></span> <span class='ocrx_word' id='word_1_238' title='bbox 1318 1682 1432 1728; x_wconf 76' lang='grc' dir='ltr'><strong><em>θεῖος</em></strong></span> <span class='ocrx_word' id='word_1_239' title='bbox 1464 1671 1585 1728; x_wconf 65' lang='grc' dir='ltr'><strong><em>οὗτος</em></strong></span> <span class='ocrx_word' id='word_1_240' title='bbox 1618 1679 1780 1734; x_wconf 77' lang='grc' dir='ltr'><strong><em>α’παγο-</em></strong></span> 
     </span>
    </p>
   </div>
   <div class='ocr_carea' id='block_1_23' title="bbox 323 1736 1819 1804">
    <p class='ocr_par' dir='ltr' id='par_1_23' title="bbox 323 1736 1819 1804">
     <span class='ocr_line' id='line_1_28' title="bbox 323 1736 1819 1804; baseline 0.005 -23"><span class='ocrx_word' id='word_1_241' title='bbox 323 1738 439 1793; x_wconf 77' lang='grc' dir='ltr'><strong><em>ρεύει</em></strong></span> <span class='ocrx_word' id='word_1_242' title='bbox 469 1737 765 1804; x_wconf 64' lang='grc' dir='ltr'><strong>διδάσκαλος,ι</strong></span> <span class='ocrx_word' id='word_1_243' title='bbox 789 1739 917 1794; x_wconf 76' lang='grc' dir='ltr'><strong><em>μονὰς</em></strong></span> <span class='ocrx_word' id='word_1_244' title='bbox 941 1740 1022 1798; x_wconf 81' lang='grc' dir='ltr'><strong>γάρ</strong></span> <span class='ocrx_word' id='word_1_245' title='bbox 1055 1758 1183 1798; x_wconf 90' lang='grc' dir='ltr'><strong><em>φησιν</em></strong></span> <span class='ocrx_word' id='word_1_246' title='bbox 1224 1743 1247 1798; x_wconf 81' lang='grc' dir='ltr'><em>ἦ</em></span> <span class='ocrx_word' id='word_1_247' title='bbox 1278 1746 1397 1800; x_wconf 83' lang='grc' dir='ltr'><strong><em>τριὰς</em></strong></span> <span class='ocrx_word' id='word_1_248' title='bbox 1427 1744 1507 1787; x_wconf 84' lang='grc' dir='ltr'><strong>καί·</strong></span> <span class='ocrx_word' id='word_1_249' title='bbox 1527 1745 1581 1788; x_wconf 82' lang='grc' dir='ltr'><strong>ου’</strong></span> <span class='ocrx_word' id='word_1_250' title='bbox 1605 1748 1776 1802; x_wconf 74' lang='grc' dir='ltr'><strong><em>πλῆθος,</em></strong></span> <span class='ocrx_word' id='word_1_251' title='bbox 1813 1736 1819 1772; x_wconf 61' lang='lat'><strong>³-</strong></span> 
     </span>
    </p>
   </div>
   <div class='ocr_carea' id='block_1_24' title="bbox 323 1949 1780 1997">
    <p class='ocr_par' dir='ltr' id='par_1_24' title="bbox 323 1949 1780 1997">
     <span class='ocr_line' id='line_1_29' title="bbox 323 1949 1780 1997; baseline 0.002 -11"><span class='ocrx_word' id='word_1_252' title='bbox 323 1951 508 1997; x_wconf 88' lang='lat' dir='ltr'><strong>intelligit‚</strong></span> <span class='ocrx_word' id='word_1_253' title='bbox 528 1951 571 1985; x_wconf 89' lang='lat' dir='ltr'><strong>ab</strong></span> <span class='ocrx_word' id='word_1_254' title='bbox 598 1962 640 1985; x_wconf 89' lang='lat' dir='ltr'><strong>ea</strong></span> <span class='ocrx_word' id='word_1_255' title='bbox 664 1951 806 1987; x_wconf 88' lang='lat' dir='ltr'><strong>diversa</strong></span> <span class='ocrx_word' id='word_1_256' title='bbox 831 1957 925 1995; x_wconf 88' lang='lat' dir='ltr'><strong>sunt,</strong></span> <span class='ocrx_word' id='word_1_257' title='bbox 952 1962 1073 1987; x_wconf 89' lang='lat' dir='ltr'><strong>amens</strong></span> <span class='ocrx_word' id='word_1_258' title='bbox 1099 1954 1146 1988; x_wconf 87' lang='lat' dir='ltr'><strong>sit</strong></span> <span class='ocrx_word' id='word_1_259' title='bbox 1172 1963 1323 1987; x_wconf 87' lang='lat' dir='ltr'><strong>necesse</strong></span> <span class='ocrx_word' id='word_1_260' title='bbox 1349 1958 1402 1988; x_wconf 87' lang='lat' dir='ltr'><strong>est</strong></span> <span class='ocrx_word' id='word_1_261' title='bbox 1428 1955 1583 1988; x_wconf 81' lang='lat' dir='ltr'><strong>essentia</strong></span> <span class='ocrx_word' id='word_1_262' title='bbox 1608 1955 1695 1989; x_wconf 89' lang='lat' dir='ltr'><strong>eius.</strong></span> <span class='ocrx_word' id='word_1_263' title='bbox 1746 1949 1780 1990; x_wconf 71' lang='lat' dir='ltr'><strong>si&#39;</strong></span> 
     </span>
    </p>
   </div>
   <div class='ocr_carea' id='block_1_25' title="bbox 323 1998 1821 2093">
    <p class='ocr_par' dir='ltr' id='par_1_25' title="bbox 323 1998 1821 2093">
     <span class='ocr_line' id='line_1_30' title="bbox 324 1998 1821 2045; baseline 0.002 -12"><span class='ocrx_word' id='word_1_264' title='bbox 324 2000 407 2044; x_wconf 88' lang='lat' dir='ltr'><strong>quid</strong></span> <span class='ocrx_word' id='word_1_265' title='bbox 432 2004 547 2033; x_wconf 85' lang='lat' dir='ltr'><strong>autem</strong></span> <span class='ocrx_word' id='word_1_266' title='bbox 576 1998 694 2041; x_wconf 83' lang='lat' dir='ltr'><strong>habet,</strong></span> <span class='ocrx_word' id='word_1_267' title='bbox 724 2009 744 2032; x_wconf 89' lang='lat' dir='ltr'><strong>a</strong></span> <span class='ocrx_word' id='word_1_268' title='bbox 768 2010 806 2033; x_wconf 83' lang='lat' dir='ltr'><strong>se</strong></span> <span class='ocrx_word' id='word_1_269' title='bbox 833 2000 910 2043; x_wconf 87' lang='lat' dir='ltr'><strong>ipsa</strong></span> <span class='ocrx_word' id='word_1_270' title='bbox 935 1999 1065 2042; x_wconf 87' lang='lat' dir='ltr'><strong>habet,</strong></span> <span class='ocrx_word' id='word_1_271' title='bbox 1090 2010 1162 2035; x_wconf 89' lang='lat' dir='ltr'><strong>non</strong></span> <span class='ocrx_word' id='word_1_272' title='bbox 1186 2000 1230 2037; x_wconf 82' lang='lat' dir='ltr'><strong>ab</strong></span> <span class='ocrx_word' id='word_1_273' title='bbox 1254 1999 1338 2034; x_wconf 85' lang='lat' dir='ltr'><strong>alio.</strong></span> <span class='ocrx_word' id='word_1_274' title='bbox 1391 2001 1420 2034; x_wconf 87' lang='lat' dir='ltr'><strong>si</strong></span> <span class='ocrx_word' id='word_1_275' title='bbox 1444 2012 1465 2034; x_wconf 88' lang='lat' dir='ltr'><strong>a</strong></span> <span class='ocrx_word' id='word_1_276' title='bbox 1490 2012 1529 2035; x_wconf 87' lang='lat' dir='ltr'><strong>se</strong></span> <span class='ocrx_word' id='word_1_277' title='bbox 1554 2003 1645 2045; x_wconf 90' lang='lat' dir='ltr'><strong>ipsa,</strong></span> <span class='ocrx_word' id='word_1_278' title='bbox 1673 2002 1776 2036; x_wconf 89' lang='lat' dir='ltr'><strong>etiam</strong></span> <span class='ocrx_word' id='word_1_279' title='bbox 1814 2007 1821 2028; x_wconf 71' lang='lat'><strong>³⁵</strong></span> 
     </span>
     <span class='ocr_line' id='line_1_31' title="bbox 323 2046 1820 2093; baseline 0.001 -13"><span class='ocrx_word' id='word_1_280' title='bbox 323 2057 387 2090; x_wconf 86' lang='lat' dir='ltr'><strong>per</strong></span> <span class='ocrx_word' id='word_1_281' title='bbox 412 2056 452 2080; x_wconf 86' lang='lat' dir='ltr'><strong>se</strong></span> <span class='ocrx_word' id='word_1_282' title='bbox 480 2046 591 2089; x_wconf 84' lang='lat' dir='ltr'>ipsam</span> <span class='ocrx_word' id='word_1_283' title='bbox 617 2046 801 2090; x_wconf 78' lang='lat' dir='ltr'><strong>intelligit.</strong></span> <span class='ocrx_word' id='word_1_284' title='bbox 828 2048 905 2091; x_wconf 85' lang='lat' dir='ltr'><strong>ipsa</strong></span> <span class='ocrx_word' id='word_1_285' title='bbox 932 2053 1047 2080; x_wconf 85' lang='lat' dir='ltr'><strong>autem</strong></span> <span class='ocrx_word' id='word_1_286' title='bbox 1076 2053 1128 2081; x_wconf 86' lang='lat' dir='ltr'><strong>est</strong></span> <span class='ocrx_word' id='word_1_287' title='bbox 1155 2058 1207 2089; x_wconf 91' lang='lat' dir='ltr'><strong>ea,</strong></span> <span class='ocrx_word' id='word_1_288' title='bbox 1237 2058 1327 2092; x_wconf 90' lang='lat' dir='ltr'><strong>quae</strong></span> <span class='ocrx_word' id='word_1_289' title='bbox 1353 2047 1536 2093; x_wconf 56' lang='lat' dir='ltr'><strong>intelligia</strong></span> <span class='ocrx_word' id='word_1_290' title='bbox 1563 2049 1673 2092; x_wconf 83' lang='lat' dir='ltr'><strong>igitur</strong></span> <span class='ocrx_word' id='word_1_291' title='bbox 1698 2060 1776 2082; x_wconf 88' lang='lat' dir='ltr'><strong>cum</strong></span> <span class='ocrx_word' id='word_1_292' title='bbox 1818 2075 1820 2078; x_wconf 56' lang='grc'><strong><em>,</em></strong></span> 
     </span>
    </p>
   </div>
   <div class='ocr_carea' id='block_1_26' title="bbox 323 2093 1773 2140">
    <p class='ocr_par' dir='ltr' id='par_1_26' title="bbox 323 2093 1773 2140">
     <span class='ocr_line' id='line_1_32' title="bbox 323 2093 1773 2140; baseline 0.001 -13"><span class='ocrx_word' id='word_1_293' title='bbox 323 2104 420 2127; x_wconf 89' lang='lat' dir='ltr'><strong>mens</strong></span> <span class='ocrx_word' id='word_1_294' title='bbox 446 2093 503 2134; x_wconf 90' lang='lat' dir='ltr'><strong>sit,</strong></span> <span class='ocrx_word' id='word_1_295' title='bbox 529 2103 568 2131; x_wconf 88' lang='lat' dir='ltr'><strong>re</strong></span> <span class='ocrx_word' id='word_1_296' title='bbox 595 2103 681 2126; x_wconf 85' lang='lat' dir='ltr'><strong>vera</strong></span> <span class='ocrx_word' id='word_1_297' title='bbox 705 2093 877 2138; x_wconf 84' lang='lat' dir='ltr'><strong>iutelligit</strong></span> <span class='ocrx_word' id='word_1_298' title='bbox 907 2105 946 2128; x_wconf 90' lang='lat' dir='ltr'><strong>ea</strong></span> <span class='ocrx_word' id='word_1_299' title='bbox 962 2118 973 2136; x_wconf 92' lang='lat'><strong>,</strong></span> <span class='ocrx_word' id='word_1_300' title='bbox 1003 2104 1093 2138; x_wconf 84' lang='lat' dir='ltr'><strong>quae</strong></span> <span class='ocrx_word' id='word_1_301' title='bbox 1121 2095 1169 2128; x_wconf 86' lang='lat' dir='ltr'><strong>ita</strong></span> <span class='ocrx_word' id='word_1_302' title='bbox 1194 2099 1275 2128; x_wconf 86' lang='lat' dir='ltr'><strong>sunt</strong></span> <span class='ocrx_word' id='word_1_303' title='bbox 1301 2101 1520 2138; x_wconf 83' lang='lat' dir='ltr'><strong>comparata,</strong></span> <span class='ocrx_word' id='word_1_304' title='bbox 1555 2101 1594 2130; x_wconf 91' lang='lat' dir='ltr'><strong>ut</strong></span> <span class='ocrx_word' id='word_1_305' title='bbox 1619 2106 1660 2129; x_wconf 87' lang='lat' dir='ltr'><strong>ea</strong></span> <span class='ocrx_word' id='word_1_306' title='bbox 1685 2097 1773 2140; x_wconf 86' lang='lat' dir='ltr'><strong>ipsa.</strong></span> 
     </span>
    </p>
   </div>
   <div class='ocr_carea' id='block_1_27' title="bbox 324 2140 1816 2186">
    <p class='ocr_par' dir='ltr' id='par_1_27' title="bbox 324 2140 1816 2186">
     <span class='ocr_line' id='line_1_33' title="bbox 324 2140 1816 2186; baseline 0.001 -12"><span class='ocrx_word' id='word_1_307' title='bbox 324 2141 424 2174; x_wconf 85' lang='lat' dir='ltr'><strong>vides</strong></span> <span class='ocrx_word' id='word_1_308' title='bbox 450 2140 676 2173; x_wconf 86' lang='lat' dir='ltr'><strong>efficientiam</strong></span> <span class='ocrx_word' id='word_1_309' title='bbox 704 2145 739 2173; x_wconf 91' lang='lat' dir='ltr'><strong>et</strong></span> <span class='ocrx_word' id='word_1_310' title='bbox 763 2146 915 2174; x_wconf 80' lang='lat' dir='ltr'><strong>mentem</strong></span> <span class='ocrx_word' id='word_1_311' title='bbox 944 2146 978 2174; x_wconf 89' lang='lat' dir='ltr'><strong>et</strong></span> <span class='ocrx_word' id='word_1_312' title='bbox 997 2142 1170 2174; x_wconf 86' lang='lat' dir='ltr'><strong>rationem</strong></span> <span class='ocrx_word' id='word_1_313' title='bbox 1191 2140 1415 2186; x_wconf 86' lang='lat' dir='ltr'><strong>intelligendi</strong></span> <span class='ocrx_word' id='word_1_314' title='bbox 1443 2147 1478 2175; x_wconf 91' lang='lat' dir='ltr'><strong>et</strong></span> <span class='ocrx_word' id='word_1_315' title='bbox 1494 2142 1672 2186; x_wconf 87' lang='lat' dir='ltr'><strong>cogitandi</strong></span> <span class='ocrx_word' id='word_1_316' title='bbox 1698 2143 1775 2176; x_wconf 88' lang='lat' dir='ltr'><strong>sive</strong></span> <span class='ocrx_word' id='word_1_317' title='bbox 1814 2153 1816 2155; x_wconf 72' lang='grc'><strong>’</strong></span> 
     </span>
    </p>
   </div>
   <div class='ocr_carea' id='block_1_28' title="bbox 303 2187 1777 2421">
    <p class='ocr_par' dir='ltr' id='par_1_28' title="bbox 303 2187 1777 2421">
     <span class='ocr_line' id='line_1_34' title="bbox 324 2187 1776 2231; baseline 0.003 -12"><span class='ocrx_word' id='word_1_318' title='bbox 324 2187 600 2231; x_wconf 76' lang='lat' dir='ltr'>intelligentiam</span> <span class='ocrx_word' id='word_1_319' title='bbox 630 2192 665 2220; x_wconf 89' lang='lat' dir='ltr'><strong>et</strong></span> <span class='ocrx_word' id='word_1_320' title='bbox 692 2188 945 2231; x_wconf 76' lang='lat' dir='ltr'><strong>cogitationem</strong></span> <span class='ocrx_word' id='word_1_321' title='bbox 979 2189 1070 2221; x_wconf 90' lang='lat' dir='ltr'><strong>idem</strong></span> <span class='ocrx_word' id='word_1_322' title='bbox 1098 2198 1176 2222; x_wconf 88' lang='lat' dir='ltr'><strong>csse</strong></span> <span class='ocrx_word' id='word_1_323' title='bbox 1204 2198 1282 2221; x_wconf 92' lang='lat' dir='ltr'><strong>cum</strong></span> <span class='ocrx_word' id='word_1_324' title='bbox 1318 2189 1472 2222; x_wconf 83' lang='lat' dir='ltr'><strong>essentia</strong></span> <span class='ocrx_word' id='word_1_325' title='bbox 1499 2189 1729 2223; x_wconf 85' lang='lat' dir='ltr'><strong>demonstrari</strong></span> <span class='ocrx_word' id='word_1_326' title='bbox 1755 2200 1776 2223; x_wconf 85' lang='lat' dir='ltr'><strong>a</strong></span> 
     </span>
     <span class='ocr_line' id='line_1_35' title="bbox 325 2233 1775 2278; baseline 0.002 -10"><span class='ocrx_word' id='word_1_327' title='bbox 325 2235 445 2268; x_wconf 89' lang='lat' dir='ltr'><strong>divino</strong></span> <span class='ocrx_word' id='word_1_328' title='bbox 484 2233 549 2266; x_wconf 92' lang='lat' dir='ltr'><strong>illo</strong></span> <span class='ocrx_word' id='word_1_329' title='bbox 585 2234 780 2278; x_wconf 82' lang='lat' dir='ltr'><strong>magistro?</strong></span> <span class='ocrx_word' id='word_1_330' title='bbox 841 2235 964 2278; x_wconf 81' lang='lat' dir='ltr'><strong>accipe</strong></span> <span class='ocrx_word' id='word_1_331' title='bbox 998 2240 1111 2269; x_wconf 83' lang='lat' dir='ltr'><strong>autem</strong></span> <span class='ocrx_word' id='word_1_332' title='bbox 1152 2244 1257 2278; x_wconf 85' lang='lat' dir='ltr'><strong>porro</strong></span> <span class='ocrx_word' id='word_1_333' title='bbox 1299 2236 1403 2268; x_wconf 91' lang='lat' dir='ltr'><strong>etiam</strong></span> <span class='ocrx_word' id='word_1_334' title='bbox 1436 2235 1585 2269; x_wconf 83' lang='lat' dir='ltr'><strong>alterum</strong></span> <span class='ocrx_word' id='word_1_335' title='bbox 1619 2237 1775 2271; x_wconf 85' lang='lat' dir='ltr'><strong>eiusdem</strong></span> 
     </span>
     <span class='ocr_line' id='line_1_36' title="bbox 326 2280 1777 2327; baseline 0.002 -13"><span class='ocrx_word' id='word_1_336' title='bbox 326 2282 455 2314; x_wconf 90' lang='lat' dir='ltr'><strong>dictum</strong></span> <span class='ocrx_word' id='word_1_337' title='bbox 485 2280 608 2313; x_wconf 91' lang='lat' dir='ltr'><strong>eodem</strong></span> <span class='ocrx_word' id='word_1_338' title='bbox 645 2281 748 2314; x_wconf 90' lang='lat' dir='ltr'><strong>modo</strong></span> <span class='ocrx_word' id='word_1_339' title='bbox 777 2287 1043 2325; x_wconf 81' lang='lat' dir='ltr'><strong>comparatum:</strong></span> <span class='ocrx_word' id='word_1_340' title='bbox 1081 2281 1181 2315; x_wconf 90' lang='lat' dir='ltr'><strong>nulla</strong></span> <span class='ocrx_word' id='word_1_341' title='bbox 1205 2292 1263 2315; x_wconf 83' lang='lat' dir='ltr'><strong>res</strong></span> <span class='ocrx_word' id='word_1_342' title='bbox 1296 2283 1437 2315; x_wconf 89' lang='lat' dir='ltr'><strong>omnino</strong></span> <span class='ocrx_word' id='word_1_343' title='bbox 1465 2293 1527 2326; x_wconf 82' lang='lat' dir='ltr'><strong>per</strong></span> <span class='ocrx_word' id='word_1_344' title='bbox 1554 2293 1594 2316; x_wconf 85' lang='lat' dir='ltr'><strong>se</strong></span> <span class='ocrx_word' id='word_1_345' title='bbox 1619 2283 1696 2327; x_wconf 84' lang='lat' dir='ltr'><strong>ipsa</strong></span> <span class='ocrx_word' id='word_1_346' title='bbox 1723 2288 1777 2317; x_wconf 82' lang='lat' dir='ltr'><strong>est</strong></span> 
     </span>
     <span class='ocr_line' id='line_1_37' title="bbox 303 2327 1777 2373; baseline 0.001 -11"><span class='ocrx_word' id='word_1_347' title='bbox 303 2327 479 2371; x_wconf 53' lang='lat' dir='ltr'><strong>&#39;simplex</strong></span> <span class='ocrx_word' id='word_1_348' title='bbox 506 2328 659 2361; x_wconf 80' lang='lat' dir='ltr'><strong>essentia</strong></span> <span class='ocrx_word' id='word_1_349' title='bbox 679 2334 738 2361; x_wconf 87' lang='lat' dir='ltr'><strong>aut</strong></span> <span class='ocrx_word' id='word_1_350' title='bbox 759 2329 1012 2373; x_wconf 83' lang='lat' dir='ltr'><strong>intelligentia,</strong></span> <span class='ocrx_word' id='word_1_351' title='bbox 1039 2335 1077 2363; x_wconf 89' lang='lat' dir='ltr'><strong>ut</strong></span> <span class='ocrx_word' id='word_1_352' title='bbox 1104 2330 1207 2362; x_wconf 86' lang='lat' dir='ltr'><strong>etiam</strong></span> <span class='ocrx_word' id='word_1_353' title='bbox 1234 2339 1354 2363; x_wconf 89' lang='lat' dir='ltr'><strong>monas</strong></span> <span class='ocrx_word' id='word_1_354' title='bbox 1381 2330 1426 2363; x_wconf 87' lang='lat' dir='ltr'><strong>sit</strong></span> <span class='ocrx_word' id='word_1_355' title='bbox 1454 2329 1647 2363; x_wconf 87' lang='lat' dir='ltr'><strong>individua.</strong></span> <span class='ocrx_word' id='word_1_356' title='bbox 1673 2330 1777 2364; x_wconf 84' lang='lat' dir='ltr'><strong>deum</strong></span> 
     </span>
     <span class='ocr_line' id='line_1_38' title="bbox 326 2375 1776 2421; baseline 0.001 -13"><span class='ocrx_word' id='word_1_357' title='bbox 326 2381 442 2408; x_wconf 85' lang='lat' dir='ltr'><strong>autem</strong></span> <span class='ocrx_word' id='word_1_358' title='bbox 468 2375 547 2408; x_wconf 86' lang='lat' dir='ltr'><strong>sive</strong></span> <span class='ocrx_word' id='word_1_359' title='bbox 576 2376 764 2408; x_wconf 78' lang='lat' dir='ltr'><strong>essentiam</strong></span> <span class='ocrx_word' id='word_1_360' title='bbox 788 2376 947 2418; x_wconf 85' lang='lat' dir='ltr'><strong>dicimus,</strong></span> <span class='ocrx_word' id='word_1_361' title='bbox 972 2386 1043 2409; x_wconf 90' lang='lat' dir='ltr'><strong>non</strong></span> <span class='ocrx_word' id='word_1_362' title='bbox 1069 2376 1175 2409; x_wconf 86' lang='lat' dir='ltr'><strong>habet</strong></span> <span class='ocrx_word' id='word_1_363' title='bbox 1201 2375 1303 2409; x_wconf 87' lang='lat' dir='ltr'><strong>simul</strong></span> <span class='ocrx_word' id='word_1_364' title='bbox 1330 2375 1556 2421; x_wconf 88' lang='lat' dir='ltr'><strong>intelligendi</strong></span> <span class='ocrx_word' id='word_1_365' title='bbox 1585 2377 1680 2419; x_wconf 90' lang='lat' dir='ltr'><strong>vim,</strong></span> <span class='ocrx_word' id='word_1_366' title='bbox 1706 2377 1776 2411; x_wconf 89' lang='lat' dir='ltr'><strong>nisi</strong></span> 
     </span>
    </p>
   </div>
   <div class='ocr_carea' id='block_1_29' title="bbox 326 2421 1817 2470">
    <p class='ocr_par' dir='ltr' id='par_1_29' title="bbox 326 2421 1817 2470">
     <span class='ocr_line' id='line_1_39' title="bbox 326 2421 1817 2470; baseline 0.001 -14"><span class='ocrx_word' id='word_1_367' title='bbox 326 2423 418 2456; x_wconf 80' lang='lat' dir='ltr'><strong>forte</strong></span> <span class='ocrx_word' id='word_1_368' title='bbox 445 2421 661 2464; x_wconf 89' lang='lat' dir='ltr'><strong>compositus</strong></span> <span class='ocrx_word' id='word_1_369' title='bbox 699 2428 773 2463; x_wconf 86' lang='lat' dir='ltr'><strong>est,</strong></span> <span class='ocrx_word' id='word_1_370' title='bbox 812 2424 890 2456; x_wconf 91' lang='lat' dir='ltr'><strong>sive</strong></span> <span class='ocrx_word' id='word_1_371' title='bbox 917 2422 1216 2470; x_wconf 83' lang='lat' dir='ltr'><strong>intelligentiam,</strong></span> <span class='ocrx_word' id='word_1_372' title='bbox 1250 2432 1321 2456; x_wconf 89' lang='lat' dir='ltr'><strong>non</strong></span> <span class='ocrx_word' id='word_1_373' title='bbox 1346 2422 1452 2456; x_wconf 87' lang='lat' dir='ltr'><strong>habet</strong></span> <span class='ocrx_word' id='word_1_374' title='bbox 1487 2433 1507 2456; x_wconf 87' lang='lat' dir='ltr'><strong>a</strong></span> <span class='ocrx_word' id='word_1_375' title='bbox 1530 2429 1654 2457; x_wconf 84' lang='lat' dir='ltr'><strong>natura</strong></span> <span class='ocrx_word' id='word_1_376' title='bbox 1677 2425 1775 2457; x_wconf 82' lang='lat' dir='ltr'><strong>reci-</strong></span> <span class='ocrx_word' id='word_1_377' title='bbox 1816 2437 1817 2441; x_wconf 50' lang='lat'>¹</span> 
     </span>
    </p>
   </div>
   <div class='ocr_carea' id='block_1_30' title="bbox 326 2468 1812 2514">
    <p class='ocr_par' dir='ltr' id='par_1_30' title="bbox 326 2468 1812 2514">
     <span class='ocr_line' id='line_1_40' title="bbox 326 2468 1812 2514; baseline 0.001 -12"><span class='ocrx_word' id='word_1_378' title='bbox 326 2471 481 2514; x_wconf 86' lang='lat' dir='ltr'><strong>pientem</strong></span> <span class='ocrx_word' id='word_1_379' title='bbox 515 2468 779 2512; x_wconf 78' lang='lat' dir='ltr'><strong>intelligentiae</strong></span> <span class='ocrx_word' id='word_1_380' title='bbox 809 2471 1025 2514; x_wconf 84' lang='lat' dir='ltr'><strong>suppositam</strong></span> <span class='ocrx_word' id='word_1_381' title='bbox 1060 2470 1259 2504; x_wconf 87' lang='lat' dir='ltr'><strong>essentiam.</strong></span> <span class='ocrx_word' id='word_1_382' title='bbox 1321 2470 1382 2503; x_wconf 92' lang='lat' dir='ltr'><strong>sed</strong></span> <span class='ocrx_word' id='word_1_383' title='bbox 1416 2475 1563 2514; x_wconf 85' lang='lat' dir='ltr'><strong>propter</strong></span> <span class='ocrx_word' id='word_1_384' title='bbox 1587 2471 1812 2505; x_wconf 41' lang='lat' dir='ltr'><strong>essentiarum</strong></span> 
     </span>
    </p>
   </div>
   <div class='ocr_carea' id='block_1_31' title="bbox 325 2515 1777 2656">
    <p class='ocr_par' dir='ltr' id='par_1_31' title="bbox 325 2515 1777 2656">
     <span class='ocr_line' id='line_1_41' title="bbox 326 2515 1775 2571; baseline 0 -21"><span class='ocrx_word' id='word_1_385' title='bbox 326 2518 411 2551; x_wconf 87' lang='lat' dir='ltr'><strong>deus</strong></span> <span class='ocrx_word' id='word_1_386' title='bbox 439 2519 493 2548; x_wconf 86' lang='lat' dir='ltr'><strong>est</strong></span> <span class='ocrx_word' id='word_1_387' title='bbox 520 2515 785 2559; x_wconf 82' lang='lat' dir='ltr'><strong>intelligentia,</strong></span> <span class='ocrx_word' id='word_1_388' title='bbox 816 2522 850 2550; x_wconf 91' lang='lat' dir='ltr'><strong>et</strong></span> <span class='ocrx_word' id='word_1_389' title='bbox 876 2522 971 2551; x_wconf 83' lang='lat' dir='ltr'><strong>totus</strong></span> <span class='ocrx_word' id='word_1_390' title='bbox 997 2522 1050 2551; x_wconf 86' lang='lat' dir='ltr'><strong>est</strong></span> <span class='ocrx_word' id='word_1_391' title='bbox 1076 2516 1318 2571; x_wconf 84' lang='lat' dir='ltr'><strong>intelligentia</strong></span> <span class='ocrx_word' id='word_1_392' title='bbox 1344 2522 1378 2549; x_wconf 87' lang='lat' dir='ltr'><strong>et</strong></span> <span class='ocrx_word' id='word_1_393' title='bbox 1402 2516 1515 2550; x_wconf 86' lang='lat' dir='ltr'><strong>solum</strong></span> <span class='ocrx_word' id='word_1_394' title='bbox 1531 2540 1542 2559; x_wconf 92' lang='lat'><strong>,</strong></span> <span class='ocrx_word' id='word_1_395' title='bbox 1570 2522 1605 2550; x_wconf 89' lang='lat' dir='ltr'><strong>et</strong></span> <span class='ocrx_word' id='word_1_396' title='bbox 1630 2522 1775 2561; x_wconf 85' lang='lat' dir='ltr'><strong>propter</strong></span> 
     </span>
     <span class='ocr_line' id='line_1_42' title="bbox 325 2562 1774 2609; baseline -0.002 -12"><span class='ocrx_word' id='word_1_397' title='bbox 325 2562 600 2606; x_wconf 87' lang='lat' dir='ltr'><strong>intelligentiam</strong></span> <span class='ocrx_word' id='word_1_398' title='bbox 627 2564 794 2606; x_wconf 80' lang='lat' dir='ltr'><strong>essentia,</strong></span> <span class='ocrx_word' id='word_1_399' title='bbox 822 2570 857 2597; x_wconf 88' lang='lat' dir='ltr'><strong>et</strong></span> <span class='ocrx_word' id='word_1_400' title='bbox 881 2569 974 2598; x_wconf 86' lang='lat' dir='ltr'><strong>totus</strong></span> <span class='ocrx_word' id='word_1_401' title='bbox 1000 2569 1053 2598; x_wconf 86' lang='lat' dir='ltr'><strong>est</strong></span> <span class='ocrx_word' id='word_1_402' title='bbox 1079 2564 1231 2597; x_wconf 86' lang='lat' dir='ltr'><strong>essentia</strong></span> <span class='ocrx_word' id='word_1_403' title='bbox 1258 2569 1293 2596; x_wconf 82' lang='lat' dir='ltr'><strong>et</strong></span> <span class='ocrx_word' id='word_1_404' title='bbox 1327 2563 1453 2605; x_wconf 84' lang='lat' dir='ltr'><strong>solum,</strong></span> <span class='ocrx_word' id='word_1_405' title='bbox 1483 2569 1518 2597; x_wconf 88' lang='lat' dir='ltr'><strong>et</strong></span> <span class='ocrx_word' id='word_1_406' title='bbox 1542 2569 1688 2609; x_wconf 82' lang='lat' dir='ltr'><strong>propter</strong></span> <span class='ocrx_word' id='word_1_407' title='bbox 1715 2573 1774 2597; x_wconf 89' lang='lat' dir='ltr'><strong>es-</strong></span> 
     </span>
     <span class='ocr_line' id='line_1_43' title="bbox 327 2610 1777 2656; baseline -0.001 -11"><span class='ocrx_word' id='word_1_408' title='bbox 327 2610 476 2645; x_wconf 89' lang='lat' dir='ltr'><strong>sentiam</strong></span> <span class='ocrx_word' id='word_1_409' title='bbox 501 2614 596 2643; x_wconf 80' lang='lat' dir='ltr'><strong>totus</strong></span> <span class='ocrx_word' id='word_1_410' title='bbox 631 2615 666 2642; x_wconf 91' lang='lat' dir='ltr'><strong>et</strong></span> <span class='ocrx_word' id='word_1_411' title='bbox 690 2616 837 2655; x_wconf 87' lang='lat' dir='ltr'><strong>propter</strong></span> <span class='ocrx_word' id='word_1_412' title='bbox 869 2610 1141 2656; x_wconf 87' lang='lat' dir='ltr'><strong>intelligentiam</strong></span> <span class='ocrx_word' id='word_1_413' title='bbox 1177 2615 1295 2652; x_wconf 87' lang='lat' dir='ltr'><strong>totus,</strong></span> <span class='ocrx_word' id='word_1_414' title='bbox 1335 2616 1550 2655; x_wconf 85' lang='lat' dir='ltr'><strong>quapropter</strong></span> <span class='ocrx_word' id='word_1_415' title='bbox 1575 2621 1695 2644; x_wconf 90' lang='lat' dir='ltr'><strong>monas</strong></span> <span class='ocrx_word' id='word_1_416' title='bbox 1723 2616 1777 2645; x_wconf 85' lang='lat' dir='ltr'><strong>est</strong></span> 
     </span>
    </p>
   </div>
   <div class='ocr_carea' id='block_1_32' title="bbox 326 2656 1789 2702">
    <p class='ocr_par' dir='ltr' id='par_1_32' title="bbox 326 2656 1789 2702">
     <span class='ocr_line' id='line_1_44' title="bbox 326 2656 1789 2702; baseline -0.001 -11"><span class='ocrx_word' id='word_1_417' title='bbox 326 2656 506 2691; x_wconf 87' lang='lat' dir='ltr'><strong>individua</strong></span> <span class='ocrx_word' id='word_1_418' title='bbox 529 2661 564 2688; x_wconf 85' lang='lat' dir='ltr'><strong>et</strong></span> <span class='ocrx_word' id='word_1_419' title='bbox 588 2656 742 2691; x_wconf 87' lang='lat' dir='ltr'><strong>indivisa</strong></span> <span class='ocrx_word' id='word_1_420' title='bbox 766 2664 802 2691; x_wconf 88' lang='lat' dir='ltr'><strong>et</strong></span> <span class='ocrx_word' id='word_1_421' title='bbox 826 2658 988 2702; x_wconf 87' lang='lat' dir='ltr'><strong>simplex.</strong></span> <span class='ocrx_word' id='word_1_422' title='bbox 1016 2663 1051 2691; x_wconf 90' lang='lat' dir='ltr'><strong>et</strong></span> <span class='ocrx_word' id='word_1_423' title='bbox 1074 2657 1180 2699; x_wconf 88' lang='lat' dir='ltr'><strong>alibi,</strong></span> <span class='ocrx_word' id='word_1_424' title='bbox 1208 2667 1328 2690; x_wconf 89' lang='lat' dir='ltr'><strong>monas</strong></span> <span class='ocrx_word' id='word_1_425' title='bbox 1355 2658 1460 2699; x_wconf 86' lang='lat' dir='ltr'><strong>enim,</strong></span> <span class='ocrx_word' id='word_1_426' title='bbox 1487 2658 1612 2701; x_wconf 87' lang='lat' dir='ltr'><strong>inquit,</strong></span> <span class='ocrx_word' id='word_1_427' title='bbox 1642 2658 1789 2691; x_wconf 24' lang='lat' dir='ltr'><strong>divini-4(</strong></span> 
     </span>
    </p>
   </div>
   <div class='ocr_carea' id='block_1_33' title="bbox 329 2704 1776 2793">
    <p class='ocr_par' dir='ltr' id='par_1_33' title="bbox 329 2704 1776 2793">
     <span class='ocr_line' id='line_1_45' title="bbox 329 2704 1776 2748; baseline 0 -11"><span class='ocrx_word' id='word_1_428' title='bbox 329 2710 383 2738; x_wconf 87' lang='lat' dir='ltr'><strong>tas</strong></span> <span class='ocrx_word' id='word_1_429' title='bbox 409 2707 475 2744; x_wconf 86' lang='lat' dir='ltr'><strong>est,</strong></span> <span class='ocrx_word' id='word_1_430' title='bbox 500 2712 618 2746; x_wconf 89' lang='lat' dir='ltr'><strong>neque</strong></span> <span class='ocrx_word' id='word_1_431' title='bbox 643 2714 730 2738; x_wconf 83' lang='lat' dir='ltr'><strong>vero</strong></span> <span class='ocrx_word' id='word_1_432' title='bbox 756 2705 842 2748; x_wconf 75' lang='lat' dir='ltr'><strong>dyas</strong></span> <span class='ocrx_word' id='word_1_433' title='bbox 870 2710 905 2739; x_wconf 82' lang='lat' dir='ltr'><strong>et</strong></span> <span class='ocrx_word' id='word_1_434' title='bbox 929 2705 1026 2747; x_wconf 82' lang='lat' dir='ltr'><strong>trias,</strong></span> <span class='ocrx_word' id='word_1_435' title='bbox 1051 2705 1112 2739; x_wconf 84' lang='lat' dir='ltr'><strong>sed</strong></span> <span class='ocrx_word' id='word_1_436' title='bbox 1136 2713 1208 2738; x_wconf 89' lang='lat' dir='ltr'><strong>non</strong></span> <span class='ocrx_word' id='word_1_437' title='bbox 1226 2704 1424 2746; x_wconf 89' lang='lat' dir='ltr'><strong>multitudo,</strong></span> <span class='ocrx_word' id='word_1_438' title='bbox 1451 2705 1543 2737; x_wconf 85' lang='lat' dir='ltr'><strong>initii</strong></span> <span class='ocrx_word' id='word_1_439' title='bbox 1571 2709 1624 2748; x_wconf 78' lang='lat' dir='ltr'><strong>est</strong></span> <span class='ocrx_word' id='word_1_440' title='bbox 1649 2713 1776 2748; x_wconf 75' lang='lat' dir='ltr'><strong>expers</strong></span> 
     </span>
     <span class='ocr_line' id='line_1_46' title="bbox 332 2750 1775 2793; baseline 0 -9"><span class='ocrx_word' id='word_1_441' title='bbox 332 2755 366 2786; x_wconf 91' lang='lat' dir='ltr'><strong>et</strong></span> <span class='ocrx_word' id='word_1_442' title='bbox 392 2750 604 2793; x_wconf 86' lang='lat' dir='ltr'><strong>incorporea</strong></span> <span class='ocrx_word' id='word_1_443' title='bbox 630 2755 665 2783; x_wconf 83' lang='lat' dir='ltr'><strong>et</strong></span> <span class='ocrx_word' id='word_1_444' title='bbox 692 2757 868 2787; x_wconf 81' lang='lat' dir='ltr'><strong>constans:</strong></span> <span class='ocrx_word' id='word_1_445' title='bbox 905 2757 940 2786; x_wconf 84' lang='lat' dir='ltr'><strong>et</strong></span> <span class='ocrx_word' id='word_1_446' title='bbox 964 2761 1096 2788; x_wconf 76' lang='lat' dir='ltr'><strong>rursus.</strong></span> <span class='ocrx_word' id='word_1_447' title='bbox 1151 2750 1239 2785; x_wconf 88' lang='lat' dir='ltr'><strong>illud</strong></span> <span class='ocrx_word' id='word_1_448' title='bbox 1279 2751 1370 2785; x_wconf 91' lang='lat' dir='ltr'><strong>enim</strong></span> <span class='ocrx_word' id='word_1_449' title='bbox 1399 2756 1522 2785; x_wconf 81' lang='lat' dir='ltr'><strong>natura</strong></span> <span class='ocrx_word' id='word_1_450' title='bbox 1551 2756 1604 2786; x_wconf 88' lang='lat' dir='ltr'><strong>est</strong></span> <span class='ocrx_word' id='word_1_451' title='bbox 1627 2751 1775 2784; x_wconf 74' lang='lat' dir='ltr'><strong>maxime</strong></span> 
     </span>
    </p>
   </div>
  </div>
 </body>
</html>
