1786 3138
202 150 304 208 423
605 166 898 212 mumioni
944 163 1245 213 GREGORAE

206 282 311 338 πρὸς
339 286 540 343 θεωρίαν,
571 287 763 344 περιττὸν
795 284 878 348 ἄρα
905 285 951 329 τὸ
979 289 1054 329 τοῦ
1081 288 1267 331 θανάτου
1296 289 1557 370 ,ιὶιυστήριοιώι
1579 307 1656 334 πε-

208 349 344 404 ριττὸν
375 353 421 394 δὲ
446 370 516 395 και
545 352 568 396 ό
600 370 706 410 φησι
734 355 914 404 Παῦλος
951 352 974 396 ὅ
1002 357 1129 406 θεῖος,
1163 357 1249 398 δεῖν
1276 356 1322 399 τὸ
1355 356 1508 414 θνητὸν
1537 360 1657 401 τοῦτο

210 414 451 461 ἀθανασίαν
480 421 744 462 ἐνδύσασθαι
771 421 846 463 καὶ
864 420 909 463 τὸ
932 420 1127 478 φθαρτὸν
1158 422 1422 480 ἀφθαρσίαν,
1453 425 1527 467 και
1553 425 1659 482 πρός

205 497 252 538 γε
280 483 324 526 τὸ
353 486 396 527 ἐν
416 487 557 529 ἐλπίσι
581 486 641 543 μὴ
666 487 945 543 βλεπομέναις
984 490 1156 531 κεῖσθαι
1183 488 1258 545 τὴν
1288 488 1511 534 υἱοθεσίαν
1525 488 1660 569 Ιυῆμοῦἰι

204 564 311 602 μετα
337 551 411 606 τὴν
438 554 514 594 τοῦ
550 552 743 608 σώματος
782 554 1084 611 ἀπολύτρωσιν.
1153 557 1190 598 εἰ
1228 555 1310 612 γὰρ
1337 555 1446 611 μετὰ
1470 558 1546 599 τοῦ
1571 563 1692 600 σαι-5

204 619 387 670 ματικοῦ
414 621 579 672 πάχους
607 623 681 664 καί
717 623 792 677 τῆς
830 623 1093 678 Παλαμικῆς
1133 623 1370 679 κραιπάλης
1394 623 1469 666 καὶ
1493 614 1660 681 τρυφῆς

205 682 314 738 ἐξείη
352 686 425 727 καί
465 687 540 728 τοῦ
576 687 798 742 μέλλοντος
839 688 998 730 ἐκείνου
1028 687 1177 745 ’φωτὸς
1210 688 1435 731 ἀπολαύειν
1460 691 1659 746 ἐνταῦθα,

204 748 251 789 τί
275 751 344 790 δεῖ
369 753 557 794 θανάτου
588 752 694 810 πρὸς
725 753 966 797 ἀθανασίαν
987 755 1292 811 ἐπηγγελμένην
1314 756 1561 812 μετάγοντος
1587 755 1661 798 καὶ

207 814 317 870 ζωὴν
349 817 485 860 ἀίδιόν
512 835 557 861 τε
586 819 660 862 καί
686 817 921 877 ἄφθαρτον,
951 822 987 863 εἰ
1016 821 1089 863 οὐκ
1120 822 1180 872 εἷς
1207 821 1253 864 τὸ
1280 822 1446 877 μέλλον,
1476 822 1569 866 οὔδ’
1600 823 1660 873 εἷς

207 880 234 924 ἃ
260 881 334 932 τὰς
357 884 464 938 μετὰ
506 886 690 928 θάνατον
723 887 913 942 ταμιεύει
955 889 1150 940 ἐλπίδας,
1194 888 1283 931 ἀλλ’
1330 887 1412 932 ὅσα
1436 888 1556 945 γέμει
1582 889 1661 944 μὲν
1674 890 1718 925 10

202 952 370 1006 τρυφῆς
397 952 471 994 καί
498 954 712 1009 σαρκικῶν
730 953 921 1010 ὀρέξεων,
943 956 1166 1011 ἐρρῶσθαι
1191 955 1237 997 δέ
1256 972 1346 1006 πως
1375 955 1533 1012 φράζει
1554 953 1662 1011 μετὰ

203 1018 286 1058 τῶν
314 1020 478 1072 σεμνῶν
507 1020 709 1071 ἐλπίδων,
753 1021 825 1063 καί
856 1019 899 1063 εἴ
929 1025 974 1064 τί
999 1037 1080 1063 που
1110 1026 1203 1071 ταῖς
1241 1022 1455 1072 τοιαύταις
1483 1023 1660 1078 ἐπαγγε-

116 1091 191 1125 48
205 1081 316 1133 λιάις
346 1085 638 1141 ἐγκέκρυπται.
693 1086 773 1141 μία
801 1088 880 1141 μὲν
911 1084 984 1129 οὖν
1022 1085 1124 1143 αὕτη
1151 1088 1381 1138 κατάλυσις
1413 1087 1662 1144 αὖτόχρημα

206 1152 307 1192 καθ’
351 1150 491 1205 ὗμῶν,
533 1151 581 1194 οὗ
629 1156 795 1197 πολλῶν
840 1157 1042 1211 δεηθεῖσα
1079 1155 1238 1211 λόγων·
1306 1154 1499 1213 δεύτερον
1529 1157 1567 1198 δ’
1598 1153 1662 1198 ὅτι

205 1217 428 1267 Διονύσιος
458 1220 715 1276 θεοφάνειαν
732 1220 810 1275 μέν
830 1237 958 1277 φησιν
978 1220 1154 1278 ὅρα-τήν,
1185 1221 1233 1264 οὗ
1263 1223 1444 1278 θεότητα
1475 1223 1512 1264 δ’
1547 1219 1661 1264 ἄκτι-
1675 1233 1720 1268 15

28 1284 55 1320 f·
74 1286 192 1321 231b·
207 1299 304 1326 στον
323 1283 498 1342 ὄρατῆν·
528 1287 674 1343 πόρρω
695 1290 732 1330 δ’
752 1287 941 1343 ἀλλήλων
961 1286 1133 1345 ἄλληλα,
1155 1290 1228 1332 καί
1246 1289 1486 1345 διεστηκότα
1503 1289 1665 1343 μᾶλλον

207 1346 234 1404 ἢ
264 1348 363 1393 ὅσον
392 1353 436 1394 ἐκ
466 1354 639 1407 δυσμῶν
658 1353 891 1407 ἆπέχουσιν
910 1354 1134 1408 ἆνατολαί·
1194 1356 1451 1412 θεοφανείας
1477 1355 1556 1410 μὲν
1582 1354 1664 1411 γὰρ

209 1416 498 1474 ἧμῖνόρατὰς
529 1420 764 1476 διαφόρους
791 1421 864 1462 καί
881 1422 1079 1471 πλείστας
1104 1422 1322 1478 γεγονυίας
1351 1420 1666 1479 παραδιδόασιν

207 1481 250 1525 αἱ
278 1487 397 1525 θεῖαι
421 1485 628 1540 καὶὶεραί
650 1486 814 1540 βίβλοι,
850 1487 966 1530 καθὰ
985 1487 1199 1543 προϊόντες
1228 1489 1271 1538 ἐς
1302 1487 1457 1538 πλάτος
1485 1485 1666 1568 {xuffrjoo-

204 1566 300 1605 μεν·
363 1551 541 1608 θεότητα
572 1555 610 1595 δ’
645 1570 834 1596 ακτιστον
864 1554 971 1636 πλην
992 1557 1067 1611 τῆς
1094 1555 1430 1612 τρισυποστάτου
1460 1556 1564 1610 μιᾶς
1593 1551 1664 1596 οὖ-
1677 1556 1724 1595 20

206 1633 302 1667 σιας
332 1617 470 1669 οὐδείς
492 1636 556 1661 πω
576 1636 622 1662 το
641 1621 845 1676 παράπαν
874 1619 1022 1677 ετέραν
1040 1637 1142 1678 αχρι
1171 1638 1241 1664 και
1271 1621 1452 1678 τήμερον
1475 1617 1571 1664 συθ)
1594 1635 1665 1661 ευ-

207 1700 277 1740 ρεν
299 1702 391 1728 ουτε
410 1687 646 1743 λελάληκεν,
676 1704 769 1731 ουτε
793 1688 878 1744 μὴν
907 1688 995 1731 οὐδ’
1027 1690 1086 1739 εἰς
1105 1690 1203 1731 νοῦν
1229 1688 1443 1743 βαλέσθαι
1465 1689 1665 1743 τετόλμη-

205 1766 274 1793 κεν
305 1752 498 1813 εὕσεβείᾳ
529 1754 901 1812 συντεθραμμένος
930 1755 1037 1812 πλὴν
1064 1757 1138 1812 τῆς
1154 1757 1417 1811 Παλαμικῆς
1447 1755 1643 1812 φατρίας.

205 1903 299 1948 quod
322 1903 427 1941 divus
452 1902 606 1938 Paulus:
635 1910 800 1949 „oportet
824 1905 974 1940 mortale
1007 1905 1077 1940 hoc
1108 1906 1257 1940 induere
1291 1903 1590 1953 immortalitatem
1629 1909 1666 1939 et

207 1950 441 1994 corruptibile
470 1951 539 1984 hoc
569 1951 718 1986 induere
751 1953 1052 1997 incorruptionem
1091 1957 1125 1987 et
1156 1953 1194 1986 in
1221 1951 1545 1996 exspectationibus
1575 1961 1667 1997 quae

208 2007 281 2031 non
308 1998 475 2032 videntur
500 1999 661 2042 positam.
677 2009 756 2033 esse
781 2001 1042 2043 adoptationem
1068 2005 1222 2034 nostram
1245 2004 1324 2044 post
1357 1999 1516 2043 corporis
1547 1998 1667 2032 disso-

211 2045 423 2078 lutionem.''
474 2046 504 2078 si
531 2046 623 2079 enim
649 2051 729 2090 post
753 2046 958 2091 corpoream
982 2047 1216 2081 vibrationem
1244 2051 1279 2080 et
1302 2045 1510 2080 Palamicam
1536 2055 1666 2090 crapu-

209 2092 278 2125 lam
309 2097 344 2125 et
368 2091 544 2126 luxuriam
570 2091 699 2126 liceret
727 2093 841 2127 futura
866 2094 948 2127 luce
974 2093 1036 2128 illa
1062 2094 1154 2135 frui,
1191 2093 1274 2138 quid
1303 2103 1391 2138 opus
1425 2097 1520 2126 esset
1553 2096 1666 2126 morte

208 2149 299 2183 quae
324 2139 623 2173 immortalitatem
648 2141 841 2175 nuntiatam
875 2151 994 2182 secum
1030 2142 1176 2175 duceret
1213 2145 1248 2174 et
1279 2141 1386 2174 vitam
1417 2140 1666 2183 sempiternam
1721 2184 1724 2185 ⁷

209 2190 244 2219 et
268 2186 580 2229 indissolubilem,
606 2187 637 2220 si
665 2187 803 2231 quidem
829 2198 900 2221 non
925 2188 967 2221 ad
994 2188 1145 2222 futurum
1173 2193 1208 2221 et
1231 2188 1273 2221 ad
1292 2197 1389 2231 spem
1415 2191 1496 2231 post
1518 2191 1666 2220 mortem

208 2233 426 2276 pertineret,
471 2233 532 2266 sed
567 2244 800 2289 quaecunque
836 2235 1073 2280 ingemiscunt
1100 2234 1240 2269 luxuria
1273 2240 1308 2268 et
1332 2233 1537 2268 libidinibus
1565 2233 1666 2266 revi-

207 2280 349 2313 viscere
375 2280 628 2324 quodammodo
655 2282 723 2325 piis
749 2281 1075 2337 exspectationibus
1100 2286 1134 2315 et
1159 2291 1249 2326 quae
1274 2286 1459 2325 praeterea
1482 2281 1519 2313 in
1537 2279 1666 2313 talibus

207 2327 500 2370 promissionibus
520 2328 642 2362 insunt
667 2329 827 2362 sentiret.
878 2339 949 2362 una
975 2329 1084 2373 igitur
1099 2328 1187 2362 haec
1205 2327 1391 2362 dissolutio
1410 2328 1551 2361 omnino
1573 2327 1666 2371 quod

208 2384 272 2407 vos
299 2374 426 2407 attinet
450 2384 521 2407 non
549 2374 668 2408 multis
695 2381 793 2409 caret
819 2375 950 2410 verbis.
1001 2376 1129 2410 deinde
1158 2375 1349 2418 Dionysius
1374 2375 1432 2408 dei
1458 2374 1666 2408 manifesta.-

208 2421 343 2453 tionem
371 2421 458 2454 dicit
486 2421 664 2455 visibilem
690 2432 761 2456 non
788 2432 875 2456 vero
911 2423 1074 2456 deitatem
1108 2423 1297 2456 increatam
1323 2421 1520 2462 visibilem
1558 2430 1665 2465 porro

209 2467 281 2500 alia
309 2468 402 2500 inter
427 2478 507 2501 sese
533 2469 662 2502 distant
688 2469 831 2514 longius
858 2479 959 2514 quam
993 2470 1036 2503 ab
1063 2470 1199 2503 oriente
1229 2469 1409 2502 occidens.
1458 2468 1666 2502 manifesta-

209 2514 326 2546 tiones
367 2515 459 2547 enim
501 2515 603 2549 nobis
639 2516 801 2550 visibiles
841 2522 876 2550 et
909 2511 1024 2550 varias
1063 2522 1099 2549 ιι
1122 2516 1290 2560 plurimas
1319 2516 1428 2549 factas
1452 2515 1668 2549 tradiderunt

209 2560 300 2594 sacri
329 2566 366 2593 et
391 2562 504 2595 divini
530 2562 613 2596 libri
653 2569 691 2596 ut
715 2568 840 2607 postea
869 2563 1046 2597 uberrime
1083 2572 1318 2607 exponemus,
1356 2563 1521 2597 deitatem
1551 2567 1667 2595 autem

210 2608 402 2640 increatam
428 2614 572 2652 praeter
599 2619 701 2643 unam
736 2610 838 2644 trium
877 2619 1105 2654 personarum
1145 2610 1333 2644 essentiam
1372 2619 1476 2643 nemo
1515 2618 1668 2653 unquam

210 2654 353 2687 omnino
382 2655 528 2689 alteram
552 2666 665 2700 usque
690 2657 732 2690 ad
757 2656 850 2690 hunc
876 2658 966 2690 diem
1005 2663 1065 2691 aut
1091 2657 1238 2691 invenit,
1263 2662 1324 2690 aut
1348 2656 1517 2700 protulit,
1545 2659 1606 2689 aut
1629 2655 1667 2689 in

210 2701 360 2780 ιιιιὶιιιιιιιιι
385 2703 554 2736 inducere
577 2714 682 2737 ausus
708 2709 762 2737 est
787 2704 967 2749 impietate
996 2708 1187 2737 commotus
1217 2709 1357 2748 praeter
1374 2702 1582 2738 Palamicam
1608 2702 1666 2736 sa-

208 2757 254 2781 un
273 2757 338 2781 iam
