1786 3138
238 127 333 178 540
639 139 932 184 NICEPHORI
975 137 1278 182 GREGORAE

233 247 279 290 δέ
306 263 370 297 τις
395 235 601 303 διαπορία
629 251 717 296 τοῖς
747 251 822 298 [τε]
856 244 1055 300 άκηκοόσι
1084 247 1174 295 πῶς
1203 242 1337 291 τᾶλλα
1365 248 1450 290 τῶν
1471 246 1679 304 ἐγκλημά-

229 330 312 356 των
343 312 506 355 ἅπαντα
536 314 579 355 ἐν
623 311 804 368 δευτέρῳ
837 310 1013 366 θέμενος
1053 311 1174 369 λόγῳ,
1203 314 1265 370 τῷ
1293 316 1365 369 τῆς
1394 316 1684 371 Μασαλιανῆς

233 379 436 435 αἱρέσεως
480 379 857 434 ἐμπεφιλοχώρηκε
894 377 1079 432 μάλιστα
1115 379 1189 421 καί
1228 381 1327 436 περὶ
1368 384 1569 424 πλείστου
1606 396 1681 423 πε-

230 449 390 501 ποίηκε.
447 444 521 487 καί
551 442 669 486 ἄλλοι
708 446 787 499 μὲν
818 441 946 494 ἄλλα,
990 444 1155 487 πάντων
1193 447 1228 488 δ’
1259 447 1318 496 εἰς
1347 448 1421 490 ἕνα
1456 445 1613 500 σκοπὸν
1635 445 1682 490 τὸ

234 512 370 567 πέρας
397 509 595 567 ἤθροιζεν
625 510 652 567 ἦ
698 511 928 567 συμφωνία
966 509 1030 553 ὅτι
1076 512 1257 554 παλαιὸν
1300 512 1416 571 αὐτῷ
1441 513 1605 570 νόσημα
1635 511 1715 559 ὂνδ

228 579 381 629 τουτοΐ,
414 578 486 620 καί
518 579 721 628 πολλάκις
765 577 892 619 αὐτοῦ
933 579 1220 634 κατηγορηθὲν
1256 579 1329 622 καί
1370 579 1489 636 παρὰ
1515 582 1682 623 πολλῶν

233 644 474 700 ἀλλοτρίων,
504 647 577 686 νῦν
607 642 794 701 ἄφυκτον
823 644 923 698 ἔσχε
950 643 1024 700 τὴν
1065 646 1241 699 δύναμιν
1272 645 1298 702 ἧ
1327 647 1556 703 κατηγορία
1575 679 1587 699 ,
1619 645 1683 690 ὅτι

230 711 274 752 ἐκ
302 713 385 752 ταῖν
415 711 534 753 ἔνδον
563 712 637 754 καί
662 714 744 753 τῶν
785 712 950 754 οἰκείων
992 713 1064 754 καί
1109 713 1183 769 ἀφ’
1212 709 1354 763 ἑστίας
1383 711 1406 756 ὅ
1432 706 1507 769 τῆς
1533 715 1683 764 κακίας

229 776 479 830 ἐξελήλυθεν
524 777 716 833 ἔλεγχος,
765 776 821 827 ὥς
868 777 891 819 ὅ
933 780 1015 820 τῶν
1054 779 1294 821 ἐπισκόπων
1323 779 1619 836 μεμαρτύρηκέ
1638 795 1682 826 τε

139 850 211 884 21
228 843 301 884 καί
342 845 670 898 διεβεβαιιόσατο
714 847 834 902 λόγος
880 847 942 902 τῷ
982 848 1170 900 βασιλεῖ·
1244 846 1411 903 ἔφασαν
1449 845 1532 902 γὰρ
1559 846 1613 889 τά
1637 861 1681 889 τε
1697 852 1740 894 10

231 906 337 951 ἄλλα
368 909 480 954 κατὰ
501 913 575 953 τοῦ
601 914 868 968 πατριάρχου
902 911 939 954 οἱ
966 913 1041 953 τοῦ
1062 913 1357 967 πατριάρχου,
1398 913 1471 956 καί
1499 911 1556 963 ὦς
1583 911 1606 956 ὅ
1633 911 1679 956 τὸ

226 976 455 1031 μοναδικόν
491 981 779 1034 περικείμενος
820 981 992 1034 σχῆμα,
1045 979 1256 1033 Σκορπίος
1292 979 1591 1034 τοῦπιόνυμον,
1633 973 1682 1022 οὗ

59 1043 84 1080 f·
99 1043 211 1079 266b·
227 1042 355 1093 πολὺς
387 1044 588 1094 πολλάκις
616 1045 757 1101 γε’γονε
787 1046 907 1100 λόγος
935 1050 1021 1095 τοῖς
1048 1061 1092 1087 τε
1124 1043 1264 1095 ἄλλοις
1285 1046 1358 1088 καί
1383 1048 1568 1100 μάλιστα
1595 1051 1681 1096 τοῖς

226 1111 269 1152 ἐν
289 1108 410 1167 ’Ἀθῳ
441 1112 502 1166 τῷ
532 1108 623 1167 ὄρει
651 1110 724 1166 τήν
755 1110 930 1167 ἄσκησιν
976 1112 1242 1163 διανύουσιν,
1268 1112 1341 1154 καί
1369 1107 1419 1154 οὗ
1443 1113 1574 1169 χάριν
1607 1112 1679 1154 δύο

225 1176 299 1219 καί
325 1181 437 1232 τρεῖς
468 1193 548 1219 που
591 1179 880 1234 τομογραφιάι
919 1181 990 1221 καί
1028 1176 1237 1234 ὕπαιθροι
1281 1180 1526 1236 κατηγορίαι
1577 1184 1678 1237 παρ’
1695 1186 1738 1222 15

226 1244 395 1286 ἐκείνων
443 1245 487 1285 ἐν
519 1245 966 1287 Κωνσταντινουπόλει
1012 1246 1073 1302 τῷ
1110 1260 1155 1287 τε
1198 1245 1441 1302 πατριάρχῃ
1486 1247 1560 1289 καί
1594 1251 1681 1297 τοῖς

225 1309 471 1359 ἐπισκόποις
499 1310 795 1366 ἐπέμφθησαν,
823 1311 1063 1366 μηνύουσαι
1105 1311 1297 1368 φρικώδη
1327 1325 1374 1354 τε
1402 1313 1476 1354 καί
1503 1316 1680 1355 πλεῖστα

225 1375 404 1432 μυσαρὰ
450 1377 522 1418 καί
549 1376 608 1432 μή
646 1377 776 1431 μόνον
813 1380 1074 1432 χριστιανῶν
1122 1378 1267 1427 ἀκοαῖς
1307 1376 1574 1435 ἀποτρόπαια
1608 1380 1682 1421 καί

226 1442 321 1484 λίαν
353 1442 525 1499 φευκτά,
563 1441 670 1484 ἀλλὰ
700 1444 773 1485 καί
800 1447 887 1492 τοῖς
911 1445 1144 1499 βαρβάρων
1187 1443 1440 1494 άθεωτάτοις
1467 1444 1680 1486 κατάπτυ-

135 1519 209 1553 22
224 1524 315 1549 στα.
373 1503 492 1558 οὗτος
525 1505 624 1559 οὖν,
658 1511 801 1565 φασίν,
835 1508 951 1551 ὁπότ’
983 1511 1027 1551 ἐκ
1065 1510 1328 1565 Τριβαλλῶν,
1367 1511 1441 1552 καί
1469 1508 1569 1552 ὅθεν
1601 1508 1675 1552 ἅλ-
1690 1522 1736 1559 20
1780 1535 1781 1539 =

223 1576 349 1615 λοθεν
373 1572 447 1624 τὰς
477 1574 657 1629 ἀδήλους
691 1579 874 1616 ποιεῖται
898 1575 1339 1633 χρονίαςιδιατριβάς,
1370 1576 1596 1631 ἐπιδημοιή
1623 1577 1680 1632 τῇ

227 1640 685 1691 Κωνσταντινουπόλει,
715 1640 829 1697 μόνῳ
862 1641 1090 1697 Καλλίστῳ
1129 1639 1353 1697 ὄμόστεγός
1390 1657 1434 1684 τε
1469 1642 1545 1684 ,καί
1574 1640 1677 1696 ὄμο-

226 1706 385 1756 διάιτος
411 1707 571 1762 γίνεται
598 1709 658 1765 τῷ
688 1708 955 1764 πατριάρχῃ,
998 1707 1072 1750 καί
1114 1706 1393 1764 μυσταγωγὸς
1421 1708 1494 1750 καί
1519 1709 1679 1765 μύστης

224 1935 327 1970 quum
353 1925 515 1959 audirent
542 1924 610 1967 illi,
638 1935 716 1959 eum
743 1931 870 1960 cuncta
898 1927 968 1960 alia
992 1927 1137 1961 crimina
1164 1936 1234 1961 non
1261 1931 1315 1961 sat
1338 1926 1457 1970 magni
1473 1926 1676 1960 aestimasse

225 1977 260 2005 et
288 1971 347 2005 vel
375 1972 561 2016 plurimum
596 1972 811 2007 Masalianae
839 1973 996 2007 haeresis
1034 1975 1171 2007 crimini
1200 1973 1367 2007 tribuisse
1403 1973 1510 2017 idque
1535 1971 1676 2016 plurimi

223 2019 401 2052 habuisse.
458 2020 577 2064 itaque
617 2019 706 2052 alios
732 2020 822 2062 alia,
866 2031 986 2054 omnes
1025 2031 1112 2055 vero
1146 2031 1214 2054 una
1249 2021 1285 2053 in
1319 2020 1385 2053 hac
1418 2030 1458 2053 re
1484 2029 1676 2054 consensus

222 2076 323 2099 unam
349 2067 385 2099 in
414 2072 565 2099 mentem
594 2067 801 2109 coniunxit„
828 2068 991 2101 haeresin
1026 2068 1123 2101 illam
1149 2069 1215 2101 iam
1254 2067 1314 2100 diu
1339 2068 1574 2101 inveteratum
1601 2067 1676 2100 eius

220 2113 379 2145 morbum
407 2123 498 2155 esse,
527 2119 562 2146 et
588 2114 654 2146 iam
681 2124 788 2157 saepe
817 2115 849 2147 ei
882 2115 1018 2148 crimini
1045 2115 1159 2148 datum
1185 2114 1270 2158 ipsis
1297 2113 1339 2147 ab
1367 2113 1556 2147 extraneis.
1584 2123 1674 2157 qua-

221 2165 367 2203 propter
394 2165 477 2192 tunc
501 2161 729 2194 firmissimam
757 2172 894 2194 causam
920 2161 1083 2205 praebuit
1118 2161 1348 2202 accusationi,
1381 2170 1484 2204 quum
1513 2159 1556 2193 ab
1581 2160 1675 2194 indi-

221 2207 323 2250 genis
351 2212 385 2239 et
410 2207 612 2240 domesticis
644 2213 679 2241 et
706 2208 935 2241 familiaribus
961 2209 1151 2252 impietatis
1177 2208 1400 2252 opprobrium
1428 2207 1556 2240 factum
1582 2212 1693 2240 esset„

221 2254 412 2287 secundum
438 2255 640 2287 testimonia
667 2260 701 2287 et
726 2261 943 2298 argumenta,
970 2266 1060 2299 quae
1087 2257 1164 2300 regi
1190 2255 1232 2288 ab
1257 2255 1433 2298 episcopis
1459 2254 1537 2286 data
1563 2259 1673 2288 erant.

221 2300 446 2343 protulerunt
473 2302 563 2334 enim
592 2301 625 2333 hi
655 2302 748 2335 inter
776 2302 846 2335 alia
874 2303 909 2334 in
935 2303 1090 2345 ipsorum
1124 2301 1369 2346 patriarcham,
1396 2301 1569 2334 addictum
1596 2311 1674 2334 esse

222 2358 299 2379 eum
325 2347 507 2381 solitariae
533 2349 779 2382 consuetudini
806 2349 1023 2392 Scorpionis,
1060 2350 1103 2382 de
1130 2359 1198 2394 quo
1221 2348 1328 2383 multa
1356 2348 1422 2380 iam
1450 2348 1591 2391 saepius
1617 2348 1673 2382 di..

220 2394 366 2438 vulgata
393 2400 474 2438 sunt
499 2395 541 2428 ab
570 2394 650 2428 aliis
678 2400 711 2429 et
736 2396 894 2439 inprimis
919 2396 961 2429 ab
1001 2397 1044 2428 iis
1072 2397 1131 2440 qui
1157 2398 1193 2429 in
1217 2395 1310 2430 Atho
1336 2399 1454 2427 monte
1481 2395 1674 2428 solitariam

220 2441 327 2474 vitam
354 2443 499 2486 degunt,
527 2447 561 2475 et
585 2448 728 2486 propter
754 2453 856 2486 quem
882 2443 950 2476 duo
972 2442 1030 2476 vel
1056 2448 1127 2476 tres
1154 2442 1234 2477 libri
1271 2447 1305 2475 et
1333 2441 1496 2485 publicae
1523 2451 1673 2475 accusa..

221 2489 336 2522 tiones
376 2489 419 2522 ab
465 2490 509 2521 iis
547 2489 942 2533 Constantinopolitano
984 2489 1204 2533 patriarchae
1257 2493 1291 2521 et
1325 2489 1502 2532 episcopis
1545 2489 1673 2522 missae

220 2541 338 2577 erant,
375 2535 595 2568 declarantes
630 2536 815 2570 horribilia
854 2542 888 2569 et
913 2537 1064 2570 nefanda
1087 2536 1223 2570 seelera
1258 2545 1330 2568 non
1357 2535 1470 2568 solum
1498 2535 1672 2570 Christia-
1772 2536 1786 2577 ᾖ

217 2592 339 2615 norum
366 2583 508 2616 auribus
536 2583 657 2616 odiosa
683 2588 717 2616 et
742 2583 847 2618 valde
871 2583 1102 2616 abominanda
1127 2584 1190 2617 sed
1213 2583 1315 2616 etiam
1337 2582 1493 2616 barbaris
1518 2582 1671 2626 religio..
1769 2582 1786 2606 Ρ

218 2630 272 2661 nis
299 2631 411 2662 omnis
435 2630 568 2674 ignaris
603 2630 729 2663 invisa.
790 2631 819 2663 is
850 2631 953 2672 enim,
980 2631 1162 2675 inquiunt,
1203 2629 1339 2674 quando
1379 2640 1398 2662 e
1423 2628 1585 2663 Triballis
1612 2628 1671 2662 vel
1783 2659 1786 2661 .

219 2676 362 2709 aliunde
389 2676 448 2709 ubi
475 2676 631 2710 occultas
667 2686 730 2720 pro
764 2682 924 2720 tempore
950 2677 1185 2710 habitationes
1219 2676 1392 2718 habuerit,
1419 2676 1672 2712 Constantino-
1771 2674 1786 2727 ξ

218 2721 327 2767 polim
353 2733 391 2758 se
418 2723 589 2766 conferat,
619 2724 728 2759 solius
756 2724 894 2761 Callisti
920 2723 1140 2768 patriarchae
1169 2723 1429 2759 contubernalis
1463 2728 1497 2758 et
1522 2723 1671 2759 convic-
1775 2732 1786 2743 ‘r
