1826 3120
285 168 383 215 212
685 167 980 214 NIOEPHORI
1025 165 1329 211 GREGORAE
1393 176 1397 178 ’
1541 182 1558 186 ·’
1592 173 1605 212 Σ

195 282 268 317 54
280 278 515 320 ἀδέσποτον
533 273 743 332 πεφυκόσι
772 273 846 317 τὸν
866 271 1044 329 τρόπονς
1077 271 1217 328 ὥσπερ
1237 270 1318 327 γάρ
1347 271 1447 314 ου’δὲ
1465 273 1548 315 τῶν
1567 264 1747 327 ἀνθρώ-

283 360 373 385 πων
393 342 572 396 οὐδεμία
597 357 657 390 τις
682 344 770 383 τῶν
798 340 1009 394 ἁπάντων,
1039 339 1093 389 ὥς
1112 337 1291 395 εἴρηται,
1317 332 1418 392 ὄψις
1456 336 1655 395 α’νιίγκην,
1685 332 1747 387 οἷς

285 405 338 453 ἂν
368 412 413 453 ἐκ
438 411 515 452 τοῦ
547 408 799 463 παρήκοντος
823 409 1055 461 ,γινομένοις
1087 405 1177 463 ὃρᾷ,
1209 407 1386 462 μηδαμῇ
1422 404 1566 460 ε’ποίγει
1594 405 1744 459 βιαίαν

283 475 498 529 οὐδεμίαν,
523 471 772 527 οὗ’τως]ου’δ’
801 473 826 527 ἡ
858 474 933 516 τοῦ
951 474 1058 514 θεοῦ
1078 470 1158 514 εἴτε
1180 473 1416 528 πρόγνωσιν
1444 474 1579 526 λέγειν
1607 469 1745 526 χρεών

283 541 365 584 εἴτε
382 543 547 596 γνῶσιν,
563 534 623 588 οἷς
647 538 727 596 ὁρᾷ
750 542 1019 593 γιγνομένοις,
1041 538 1090 580 οὗ
1106 537 1245 593 βίαιον
1263 536 1409 592 ἐπάγει
1425 537 1595 580 σι’δέσιν
1609 537 1744 592 ου’δέν,
1757 550 1779 584 5

286 608 377 649 οὔδ’
411 605 565 661 ἀνάγκη
594 608 744 647 δουλοῖ
768 604 840 660 τὴν
866 601 977 657 ἅπαξ
1004 605 1076 647 ὑπ’
1096 605 1226 647 αὐτοῦ
1259 606 1482 660 δεδομένην
1501 605 1747 660 ἐλευθερίαν

284 681 372 724 τοῖς
396 672 652 728 πράγμασιν.
700 674 764 715 ἐπ’
794 670 886 726 ἴσης
916 670 995 727 γάρ
1028 671 1049 713 ὅ
1071 670 1171 720 θεός
1197 670 1279 728 ὁρᾷ
1306 669 1355 713 τά
1386 669 1584 726 γινόμενά
1602 686 1647 713 τε
1674 671 1746 711 καί

282 741 556 796 γενησόμενα,
587 741 660 782 καί
678 738 801 781 οὐδὲν
826 739 986 791 μᾶλλον
1008 739 1124 795 αὐτῷ
1148 738 1262 793 παρὰ
1285 735 1462 793 θάτερον
1484 734 1676 792 θάτερον,
1701 737 1745 778 ἐν
1769 765 1771 767 ·

284 809 334 863 τῇ
356 805 562 862 ἁπλότητι
591 808 728 859 μένων
743 806 806 847 ἐπ’
829 803 922 860 ἴσης
951 803 1078 854 αὐτὸς
1107 807 1182 846 τοῦ
1200 807 1406 861 σφετέρου
1429 806 1627 860 διηνεκῶς
1655 805 1745 846 ἐνε-
1784 820 1787 826 s

283 875 458 923 στῶτος·
525 872 597 915 καὶ
634 872 790 926 ὁμοίως
833 872 903 914 αἐἰ
938 870 983 913 τό
1029 872 1249 925 δεδομένον
1290 865 1488 920 ἑκάστοις
1521 869 1740 916 ἑνδιδωσιν
1757 878 1800 914 10

285 938 570 991 αὐτεξούσιον.
630 938 696 981 διὸ
733 938 805 981 καί
846 940 974 981 ου’δὲν
1015 942 1192 993 μᾶλλον,
1225 938 1291 995 ὥς
1311 936 1495 993 εἴρηται,
1525 940 1655 994 φαίης
1685 930 1737 979 ἂν

284 1003 354 1048 τόν
380 1005 480 1048 θεὸν
509 1007 693 1061 προορᾶν
724 1021 768 1047 τε
799 1006 871 1048 καί
898 1003 1200 1060 προγινώσκειν
1230 1002 1258 1061 ἢ
1285 1004 1390 1059 ὃριῖν
1418 1003 1494 1047 καί
1509 1004 1741 1059 γινώσκειν,

214 1083 216 1085 ’
251 1074 361 1115 ’τοῦ
399 1074 599 1127 χρονικοῦ
638 1071 937 1130 παρῳχηκότος
984 1069 1073 1125 ἅμα
1119 1074 1191 1115 καί
1229 1073 1454 1126 μέλλοντος
1490 1070 1557 1114 ἑνί
1594 1083 1640 1126 γε
1686 1070 1743 1127 τῷ

288 1139 430 1197 τρόπῳ
459 1141 610 1188 τελέως
639 1136 836 1181 ἐντεῦθεν
880 1140 1174 1192 ἐξωθουμένου
1209 1139 1282 1182 καί
1311 1137 1462 1193 χώραν
1490 1137 1606 1196 αὐτῷ
1637 1151 1744 1192 προ-

286 1205 498 1261 σήκουσαν
527 1207 731 1259 οὐδεμίαν
761 1202 930 1263 οὐδαμῇ
958 1206 1290 1261 ἑφευρίσκοντος.
1758 1209 1800 1244 15

201 1275 273 1310 65
428 1273 486 1314 Τι’
508 1273 646 1314 τοίνυν
676 1273 719 1321 ές
768 1269 814 1313 τὸ
861 1271 1003 1313 α’θῶον
1031 1269 1160 1321 αὐτὸς
1198 1272 1447 1327 παρεξιίγεις
1475 1269 1528 1313 τὰ
1557 1273 1634 1313 τοῦ
1662 1286 1747 1312 πα-

291 1337 386 1394 τρὸς
414 1339 673 1394 ἐγκλήματα,
701 1340 920 1394 σφαλερᾶς
957 1338 1147 1387 διανοίας
1182 1333 1377 1394 εὔφημόν
1413 1353 1507 1383 τινα
1539 1335 1615 1392 τῆν
1638 1337 1746 1379 εἰπο-

289 1403 479 1461 στροφὴν
498 1401 908 1460 ἀντιμηχανώμενος,
941 1404 1016 1448 καί
1043 1405 1177 1460 λόγοις
1205 1404 1431 1460 ἀπατηλοῖς
1453 1402 1559 1460 πρός
1576 1403 1619 1446 τό
1643 1407 1750 1458 βου-

285 1469 459 1524 λόμενον
490 1469 685 1520 σπεύδεις
722 1473 992 1523 μετατιθέναι
1022 1465 1080 1513 ὧν
1113 1469 1191 1525 τὴν
1222 1470 1394 1514 κόλασιν
1423 1469 1559 1526 ἔργοις
1589 1473 1747 1520 ἐκεῖνος

116 1537 143 1573 f·
162 1537 226 1572 115
243 1547 273 1571 r·
288 1537 435 1594 ὑφέξει
458 1539 512 1595 τῷ
529 1540 722 1590 βλέποντι
746 1536 818 1579 καί
838 1540 1046 1593 κρινοῦντι
1064 1538 1163 1594 θεῷ.
1184 1535 1321 1593 φυγὰς
1337 1536 1418 1593 γὰρ
1439 1536 1656 1592 ἐθελοντὴς
1674 1537 1751 1580 τοῦ
1758 1546 1804 1583 20

289 1607 393 1646 θεοῦ
423 1604 623 1659 γεγονώς,
667 1605 741 1646 καί
776 1605 894 1663 πόθῳ
935 1605 1197 1660 προσκαίρου
1238 1604 1372 1659 τύχης
1409 1604 1479 1646 καί
1517 1602 1639 1660 δόξης
1668 1605 1744 1646 τοῦ

291 1672 412 1714 θείου
443 1669 582 1726 φωτός
615 1670 775 1713 ἐκείνου
806 1670 1088 1727 οἷπερρωγοός,
1128 1672 1226 1725 παρ’
1267 1667 1366 1714 ὅσον
1389 1672 1580 1723 ἐπίδοξον
1609 1665 1744 1724 ὄνομα

290 1736 360 1780 διὰ
395 1739 470 1793 γῆς
503 1736 738 1780 ἐσπούδακε
765 1739 976 1793 σπείρειν,
1016 1736 1131 1792 παρὰ
1171 1738 1370 1780 τοσοῦτον
1410 1732 1558 1789 ἄδοξον
1585 1736 1746 1791 στάχυν

291 1933 409 1968 futura
431 1937 512 1967 sunt
530 1931 659 1974 omnia,
675 1932 850 1977 quomodo
872 1932 968 1966 dicat
987 1932 1168 1976 quisquam
1186 1931 1243 1966 dei
1262 1932 1437 1967 visionem
1459 1937 1494 1967 et
1509 1932 1748 1978 cognitionem

284 1980 399 2025 >ullam
425 1980 552 2014 afferre
577 1980 827 2014 necessitatem
852 1980 897 2013 iis
925 1990 1016 2024 quae
1040 1984 1121 2012 nata
1150 1977 1264 2013 libero
1282 1990 1350 2013 nec
1373 1980 1451 2017 ,ullo
1477 1981 1654 2014 dominatu
1681 1981 1747 2014 ob-

290 2028 415 2063 stricto
446 2027 568 2060 ordine
594 2027 837 2070 perficiuntur.
886 2032 925 2060 ut
952 2027 1042 2060 enim
1077 2026 1254 2060 hominum
1281 2027 1433 2060 omnium
1458 2027 1558 2062 nulla
1583 2028 1675 2061 visio
1704 2029 1748 2062 iis

291 2085 381 2119 quae
406 2075 442 2108 in
468 2074 648 2117 praesenti
676 2074 752 2107 fieri
779 2079 994 2116 cernuntur,
1032 2074 1080 2107 ita
1104 2084 1171 2107 nec
1196 2074 1253 2108 dei
1278 2076 1525 2119 praecognitio
1554 2075 1632 2109 sive
1659 2083 1748 2119 cog-

288 2122 379 2155 nitio
406 2122 450 2155 iis
477 2131 568 2164 quae
588 2121 675 2154 fiunt
700 2120 808 2153 ullam
830 2131 982 2165 unquam
1007 2121 1078 2154 vim
1106 2121 1207 2154 affert
1230 2131 1298 2154 nec
1322 2123 1525 2155 necessitati
1548 2121 1748 2155 libertatem

287 2167 400 2204 'semel
427 2169 539 2201 datam
566 2167 720 2201 subiicit.
771 2168 934 2202 similiter
965 2168 1055 2201 enim
1081 2169 1166 2202 deus
1199 2178 1253 2210 ea,
1280 2179 1369 2213 quae
1395 2169 1483 2202 fiunt
1509 2173 1545 2202 et
1572 2179 1662 2213 quae
1689 2169 1748 2202 fu-

289 2220 368 2249 tura
393 2220 474 2248 sunt
499 2215 625 2256 cernit,
654 2214 755 2248 nullo
782 2214 983 2247 discrimine
1008 2215 1232 2258 interposito,
1258 2216 1388 2260 quippe
1415 2217 1473 2260 qui
1505 2216 1541 2249 in
1574 2214 1748 2259 simplici-

289 2267 362 2296 tate
381 2262 603 2305 praesentiae
631 2271 716 2295 suae
743 2263 911 2295 continuo
937 2267 1150 2305 permaneat.
1199 2263 1248 2295 ita
1268 2263 1370 2296 etiam
1388 2262 1588 2297 libertatem
1620 2263 1749 2307 cuique

291 2309 404 2342 datam
428 2319 604 2353 nunquam
630 2318 700 2342 non
728 2309 902 2342 concedit.
953 2309 1098 2351 idcirco,
1124 2314 1162 2341 ut
1186 2309 1270 2351 dixi,
1296 2320 1363 2343 nec
1391 2310 1580 2353 providere
1607 2315 1642 2343 et
1662 2318 1747 2353 pro-

291 2365 512 2400 cognoscere
541 2356 655 2397 deum,
683 2366 784 2399 quam
809 2356 933 2389 videre
960 2360 996 2388 et
1022 2365 1240 2399 cognoscere
1268 2356 1434 2390 malueris
1460 2357 1592 2390 dicere.
1645 2366 1749 2401 quum

289 2403 492 2446 praeteritis
519 2402 620 2436 simul
644 2408 679 2436 et
703 2403 831 2436 futuris
857 2403 916 2447 qui
940 2402 1040 2436 locus
1066 2403 1264 2437 vindicetur
1289 2402 1409 2438 nullus
1434 2403 1649 2438 inveniatur.

450 2466 541 2508 Quid
587 2466 695 2510 igitur
737 2477 757 2500 a
812 2465 1112 2500 criminationibus
1153 2471 1286 2509 patrem
1326 2467 1368 2500 ad
1408 2467 1645 2501 innocentiam
1688 2477 1769 2504 re-.

291 2524 399 2548 vocas
435 2514 571 2547 incerta
605 2514 782 2547 sententia
823 2523 899 2545 cum
949 2517 1024 2546 arte
1063 2513 1208 2557 quadam
1250 2514 1286 2546 in
1332 2519 1425 2547 tuam
1462 2524 1535 2548 rem
1574 2524 1679 2548 versa
1716 2518 1751 2546 et

290 2561 466 2594 rationum
502 2560 626 2594 fraude
669 2561 710 2593 ad
755 2559 973 2594 voluntatem
1011 2560 1130 2594 studes
1174 2565 1308 2594 mutare
1349 2571 1391 2594 ea
1428 2561 1555 2605 quibus
1601 2570 1750 2604 poenam

290 2607 355 2641 ille
395 2608 490 2641 dabit
528 2608 594 2640 deo
633 2608 691 2652 qui
733 2607 846 2640 cernit
873 2612 907 2639 et
941 2607 1119 2640 diiudicat.
1177 2608 1306 2640 etenim
1340 2613 1467 2651 sponte
1497 2607 1668 2652 profugus
1693 2607 1751 2640 dei

290 2660 327 2687 ‚et
353 2654 517 2688 fortunae
546 2654 682 2688 faustae
717 2654 927 2698 gloriaeque
962 2653 1137 2688 desiderio
1163 2655 1309 2696 ductus,
1348 2655 1390 2688 ab
1427 2655 1546 2689 divino
1581 2655 1644 2688 illo
1671 2655 1749 2688 viro

290 2702 494 2743 seiunctus,
544 2712 645 2745 quam
679 2701 874 2745 gloriosum
908 2710 1037 2734 nomen
1070 2710 1134 2744 per
1164 2706 1291 2735 terram
1330 2712 1452 2736 serere
1491 2702 1644 2744 studuit,
1681 2707 1751 2735 tam

289 2748 523 2796 ingloriosum
557 2758 706 2784 messem
745 2753 919 2795 perpetuo
955 2748 1051 2785 facit.
1120 2747 1270 2784 c'onsilio
1316 2759 1458 2798 semper
1500 2749 1685 2786 destitutus
1730 2757 1751 2782 a
