1826 3120
237 137 542 186 mesonma·
571 136 920 183 ΒΥΖΑΝΤΙΝΑΕ
947 139 1134 182 xxvm.
1163 125 1413 182 48-50.
1479 136 1579 186 209

105 249 181 292 κατ’
206 247 277 291 αἐἰ
301 248 590 305 γενησομένων
621 243 813 301 ἐκβάσεις
841 244 1106 302 πορεύεσθαί
1125 261 1171 289 τε
1202 248 1277 289 καί
1302 242 1581 301 ἀτεκμάρτοις

107 312 321 375 α’νθραὶπῳ
353 316 482 358 παντὶ
509 311 729 359 δουλεύειν
755 313 918 376 τύχαις.
951 315 992 357 εἰ
1019 308 1096 356 οὖν
1127 308 1240 356 οὕτω
1260 315 1398 356 ταῦτα
1424 311 1499 355 καί
1530 311 1578 355 τὸ

107 382 176 439 ἐφ’
206 378 309 438 ἧμῖν
329 384 377 426 ἐκ
394 384 528 436 μέσον
556 382 727 436 χωροῦν
751 379 855 435 πρὸς
877 380 1094 436 α’βύσσους
1112 381 1298 424 κάτεισιν
1317 379 1582 433 οἷνυπαρξιάς

107 452 344 506 πυθμένας,
363 451 423 499 τίς
441 447 610 506 μηχανή
635 446 708 491 τὸν
730 446 830 503 ἐμὸν
850 448 1119 504 ἐξαιρήσεται
1141 451 1305 504 πατέρα
1325 445 1384 502 μὴ
1407 448 1512 501 δρᾶν
1532 443 1582 488 τοὶ

73 513 214 572 5πρός
236 517 311 572 τῆς
333 517 567 572 ἀναγκαίας
587 518 855 568 κεκλωσμένα
879 513 1027 571 τύχης,
1059 515 1132 558 καί
1155 512 1267 558 οὕτω
1288 518 1366 569 μὲν
1390 514 1582 569 ὥρισμέ-

104 600 187 634 νως
217 586 541 640 προεγνωσμένα
568 585 681 640 θεῷ,
729 578 837 624 οὕτω
872 585 909 624 δ’
942 579 999 631 ὥς
1040 586 1334 639 προεγνῶσθαι
1381 583 1581 635 συμπέπ-

18 707 20 710 v
109 667 215 696 τωκε
242 650 445 707 γινόμενα
475 653 528 707 τῇ
559 651 749 708 προνοίᾳ,
779 645 889 692 οὕτω
920 651 958 711 δ’
988 645 1044 691 αὖ
1073 649 1364 705 γινωσκόμενα
1384 648 1579 706 καθάπερ

12 726 30 778 ὲ
110 713 298 775 ὥρισταί
322 733 368 760 τε
412 717 486 760 καὶ
511 718 708 771 γίνεσθαι
755 719 920 773 πέφυκε
968 714 1074 772 πρὸς
1119 719 1193 773 τῆς
1234 711 1320 759 ἅνω
1362 715 1580 772 προνοίας,

18 778 33 795 ‘
112 783 268 830 ταύτόν
299 787 337 828 δ’
369 786 503 828 εἰπεῖν
531 786 604 839 τῆς
635 784 867 838 α’ναγκαιάς
898 784 1083 838 α’γὸμενα
1116 783 1263 840 τύχης.
1338 784 1581 838 αὕτόματον
1597 796 1673 829 50

12 843 38 911 '‘3‘33'
54 861 98 898 10
110 852 193 910 γάρ
225 844 299 896 καί
321 850 460 908 τύχην
488 851 563 907 τὴν
594 854 719 893 θείαν
750 854 975 893 καλεῖσθαι
1011 850 1211 906 πρόνοιαν
1233 849 1451 894 ιῖκαίλυτον
1481 852 1586 908 ἥκη-

110 921 221 964 κόειν
250 919 462 976 ὑπάρχειν
490 916 548 974 μὴ
581 917 711 973 μόνον
748 923 833 967 τοῖς
873 920 1134 975 σοφωτέροις
1163 917 1370 974 Ἑλλήνων
1416 919 1580 971 παισίν,

110 985 219 1031 &aad
251 989 326 1030 καί
352 988 434 1030 τῶν
474 983 689 1041 ἡμετέρων
733 987 872 1035 ἐνίοις.
945 987 1040 1028 δέον
1082 982 1159 1027 οὖν
1198 987 1383 1028 ἐπαινεῖν
1428 982 1488 1029 ὅτι
1532 985 1583 1044 τῇ

18 1108 29 1117 ›.
109 1056 208 1114 θείᾳ
238 1056 416 1113 προνοίᾳ
446 1051 520 1094 καί
549 1049 570 1093 ὅ
599 1049 702 1107 ὲμὸς
733 1051 938 1107 ἀγόμενος
971 1052 1133 1108 πατήρ,
1164 1054 1238 1094 καί
1267 1050 1446 1111 α’φύκτῳ
1478 1054 1584 1094 δου-”

12 1122 40 1189 Ξζ
111 1118 246 1165 λεύων
274 1119 458 1179 α’νάγκῃ,
500 1116 740 1175 βαρβάροις
775 1121 854 1173 μὲν
897 1122 1114 1174 συγγενέσι
1164 1121 1202 1161 δ’
1240 1114 1315 1162 οὖν
1344 1119 1417 1162 καὶ
1445 1118 1586 1175 φίλοις

19 1202 23 1207 ²
56 1195 99 1232 15
112 1190 325 1245 ἐπιτρέπει
355 1186 433 1237 τὰς
457 1187 539 1230 τῶν
566 1183 680 1239 ἅπαξ
711 1184 794 1228 ὑπὸ
823 1186 930 1229 θεοῦ
973 1189 1359 1243 κατεψηφισμένων
1394 1189 1454 1237 εἷς
1487 1182 1585 1230 ὄλε-

114 1261 221 1314 θρον
247 1253 420 1312 σφαγάς
448 1256 521 1297 καί
547 1252 601 1297 τά
629 1252 808 1310 λάφυρα
838 1255 912 1296 καί
933 1252 1008 1303 τάς
1035 1257 1240 1304 παντοίας
1269 1255 1344 1297 καί
1373 1256 1587 1308 πολυτρό-

115 1340 222 1375 πους
253 1322 497 1379 α’παγωγάς,
526 1320 569 1365 οἳ
596 1323 644 1364 δὲ
674 1322 747 1364 καί
775 1316 981 1376 ἄχθονται
1014 1325 1088 1364 καί
1116 1323 1482 1378 προσονειδίζουσι
1512 1325 1627 1371 nair.
1648 1335 1718 1372 114
1732 1346 1764 1371 r.

117 1393 323 1448 μισοῦσι,
365 1392 438 1434 καί
476 1388 552 1446 τήν
593 1391 673 1444 μὲν
714 1389 849 1432 αὐτοῦ
889 1389 945 1431 δι’
991 1390 1122 1444 ειῖχῆς
1163 1393 1329 1433 τελοῦσι
1371 1393 1589 1442 ποιοῦντες

12 1517 14 1519 ¹
117 1456 383 1515 α’παλλαγὴν,
415 1455 491 1514 τῆν
521 1459 567 1501 δὲ
586 1460 664 1501 τοῦ
685 1458 888 1513 γαμβροῦ
919 1458 1223 1512 Παλαιολὸγου
1241 1455 1359 1511 μάλα
1390 1461 1588 1516 σφοδρῶς

25 1558 33 1563 -
55 1537 102 1576 20
115 1526 305 1586 ἐφίενται
336 1525 411 1570 καί
440 1526 752 1569 ἀνακαλοῦνται
783 1523 945 1580 ἀρχήν,
976 1523 1047 1566 καί
1080 1523 1158 1574 τάς
1190 1526 1328 1567 αύτοῦ
1362 1530 1436 1569 καί
1464 1527 1593 1571 αύτοί

2 1611 4 1642 t
116 1595 420 1650 συνεργοῦντες
453 1594 529 1635 ου’κ
565 1593 890 1646 α’πολείπουσιν,
920 1588 1016 1635 ὅσον
1045 1591 1089 1635 τὸ
1134 1591 1322 1649 ἐφικτόν,
1356 1594 1589 1648 ἐπιβουλὰς

120 1662 220 1705 καθ’
248 1660 371 1718 ἡμῶν
391 1693 404 1715 ,
432 1663 507 1704 καί
533 1661 670 1703 ταῦτα
715 1661 915 1715 διηνεκῶς
959 1659 1178 1716 ᾀδομένων
1204 1661 1249 1702 ἐκ
1278 1659 1390 1703 πάνυ
1422 1663 1590 1704 πολλῶν

117 1730 192 1772 καί
219 1731 514 1784 παλαιοτέρων
552 1729 636 1770 τῶν
674 1725 843 1783 χρόνων
879 1726 1106 1776 οἷκούοντες
1146 1728 1227 1769 τῶν
1255 1743 1299 1769 τε
1342 1723 1480 1770 ἄλλων
1512 1744 1592 1771 κα-

119 1798 232 1853 κῶν,
259 1797 332 1839 καί
373 1795 432 1846 ὥς
463 1795 738 1851 πεπρωμένον
777 1793 843 1851 εἴη
879 1796 936 1852 τῷ
977 1791 1094 1836 ἔθνει
1132 1796 1286 1852 τουτῳί
1324 1797 1592 1850 χειρωθῆναι

114 1857 345 1918 Ῥωμαίων
373 1858 547 1907 ἅπασαν
567 1859 719 1918 χώραν
738 1862 811 1904 καί
838 1860 973 1916 πόλιν,
997 1862 1070 1904 καί
1085 1862 1237 1916 μέχρις
1265 1861 1406 1904 αὐτῶν
1432 1864 1592 1917 α’γυιῶν

117 2052 234 2088 medio
266 2051 430 2097 procedit
466 2050 509 2085 ad
548 2050 759 2096 profundam
796 2049 900 2083 abeat
935 2048 1189 2083 inexistentiae
1230 2047 1482 2091 ultitudinem‚
1510 2048 1593 2094 quid

120 2099 288 2145 expediet
313 2104 449 2144 patrem
472 2109 601 2141 meum,
628 2103 667 2132 ut
691 2107 762 2131 non
791 2097 897 2131 saciat
922 2107 963 2130 ea
982 2107 1073 2141 quae
1101 2096 1264 2130 fortunae
1283 2097 1499 2129 necessitate
1527 2097 1593 2129 de-

118 2148 249 2182 stinata
276 2151 370 2183 sunt.
421 2147 472 2180 ita
500 2157 520 2180 a
549 2146 615 2180 deo
642 2145 749 2190 plane
775 2145 1008 2189 praecognita
1042 2149 1143 2185 sunt,
1185 2149 1219 2177 et
1246 2143 1366 2188 qualia
1395 2143 1594 2187 providen-

119 2195 191 2229 tiae
217 2204 257 2229 se
282 2193 485 2236 ostendunt,
510 2193 599 2227 talia
622 2194 722 2236 fiunt,
751 2191 1040 2237 quemadmodum
1060 2192 1235 2224 destinata
1256 2196 1350 2232 sunt,
1378 2196 1413 2224 et
1436 2201 1593 2225 nascun-

119 2247 197 2284 tur,
223 2242 345 2276 divina
372 2242 600 2286 providentia
626 2243 704 2275 sive
733 2241 899 2274 fortunae
933 2239 1149 2272 necessitate
1175 2239 1291 2272 ducta.
1356 2249 1473 2271 casum
1501 2239 1594 2272 enim

121 2296 158 2324 et
181 2290 356 2323 fortunam
380 2289 555 2323 nominari
584 2289 704 2322 audivi
731 2288 885 2321 divinam
912 2285 1008 2319 illam
1036 2286 1310 2330 providentiam,
1337 2285 1437 2319 nullo
1465 2286 1595 2330 prohi-

119 2337 228 2371 bente
252 2347 324 2370 non
349 2335 464 2370 solum
489 2337 580 2380 apud
609 2336 823 2371 Graecorum
850 2333 1098 2379 philosophos,
1127 2344 1249 2367 verum
1275 2336 1379 2367 etiam
1405 2334 1497 2376 apud
1524 2342 1595 2366 no..

120 2389 229 2419 atros.
253 2394 404 2429 aequum
429 2384 539 2429 igitur
568 2389 622 2418 est
647 2383 812 2417 assentiri
840 2383 984 2416 divinae
1010 2381 1283 2424 providentiae,
1311 2387 1346 2414 et
1374 2386 1473 2423 pater
1496 2390 1595 2413 meus

120 2431 322 2466 inevitabili
347 2432 564 2465 necessitate
584 2431 709 2465 ductus
727 2431 762 2464 in
789 2430 957 2463 barbaros
984 2434 1155 2471 cognatos
1181 2434 1287 2472 atque
1313 2429 1444 2461 amicos
1471 2428 1595 2470 vertit,

121 2489 207 2524 quas
233 2479 319 2513 deus
344 2478 457 2512 semel
481 2479 517 2512 in
546 2488 665 2512 eorum
682 2478 879 2522 perniciem
905 2476 1102 2517 constituit,
1129 2475 1393 2509 immolationes
1421 2480 1456 2508 et
1486 2485 1596 2518 prae-

122 2527 288 2561 dationes
313 2526 503 2570 variasque
541 2525 797 2571 relegationes.
847 2525 901 2558 illi
929 2533 1016 2557 vero
1041 2529 1234 2566 gravantur
1268 2527 1303 2556 et
1335 2522 1536 2556 obtrectant
1563 2526 1598 2554 et

122 2574 287 2608 oderunt.
337 2573 504 2618 precibus
531 2573 791 2618 relegationem
826 2575 1053 2616 perpetrant,
1087 2569 1294 2614 Palaeoiogi
1329 2570 1455 2615 generi
1479 2568 1597 2603 vehe-

120 2620 259 2655 menter
285 2625 454 2665 exoptant
479 2625 514 2654 et
538 2621 581 2654 ad
609 2631 649 2654 se
675 2626 804 2654 vocant
829 2619 1028 2663 imperium.
1085 2628 1154 2651 nec
1180 2618 1324 2658 insidias
1352 2616 1434 2650 huic
1459 2622 1598 2651 struere

122 2668 321 2702 coniunctis
355 2678 433 2701 cum
467 2667 532 2701 illo
572 2668 707 2702 viribus
735 2673 901 2713 quantum
936 2666 1022 2699 licet
1058 2666 1243 2699 desistunt.
1307 2664 1397 2698 haec
1426 2664 1596 2698 continuo

124 2716 261 2751 cantari
286 2715 369 2749 inde
398 2714 442 2748 ab
467 2715 622 2760 antiquis
663 2714 882 2759 temporibus
920 2713 1011 2747 mala
1045 2713 1233 2746 audierunt
1258 2711 1466 2746 alia‘multa
1491 2717 1598 2757 atque

127 2763 231 2808 illud,
256 2762 340 2797 huic
368 2761 503 2817 pgpulo
542 2773 563 2797 a
588 2763 730 2797 fortuna
756 2763 872 2796 datum
901 2772 980 2796 esse
1006 2766 1045 2795 ut
1069 2760 1307 2795 Romanorum
1331 2765 1440 2794 totam
1466 2764 1598 2795 terram

244 2827 461 2875 Nic-ephorus
478 2827 624 2874 (ἕτερον.
659 2827 732 2863 Vol.
752 2827 822 2864 111.
1303 2828 1347 2863 14
