1826 3120
164 158 169 160 .
337 165 635 212 fflsromAE
672 161 1018 213 BmmmAe
1044 164 1166 209 xxx.
1193 151 1445 210 43-47.
1551 158 1645 210 301

178 270 377 326 οἶνοῠσιος
398 269 516 356 ἀὕτη
543 277 616 318 καί
634 272 840 333 διάφορος
868 275 1071 332 ἐνέργεια.
1130 274 1204 317 καί
1231 267 1322 327 ἅμα
1353 271 1461 323 δυὰς
1488 268 1512 330 ἦ
1543 272 1652 317 ποίν-

178 358 264 385 των
291 342 408 398 α’ρχή
437 358 506 386 σοι
535 345 718 398 γίνεται,
753 343 800 386 τὸ
851 340 1155 395 α’τοπω’,τατον
1185 338 1340 397 ἑαυτῆς
1382 342 1652 403 διαφέρουσα
1772 388 1778 389 ⁷

180 411 255 453 καί
280 406 468 460 αἰδίως
449 413 583 468 εαυτῇ
610 415 848 468 μαχομένη.
893 411 985 453 ἀλλ’
1019 409 1041 452 ὅ
1070 412 1188 459 θεῖος
1215 406 1465 462 Μάξιμος“
1469 409 1520 451 ου’
1547 426 1654 452 συν-
1668 420 1744 455 46

182 480 445 533 θεωρεῖσθαι
484 471 510 532 ἢ
550 480 968 534 συνεπιθεωρεῖσθαι
998 475 1187 520 δύναταί
1210 475 1275 519 τι”
1315 478 1424 532 φησί
1451 475 1539 535 “τῷ
1566 477 1655 534 θεῷ

146 545 275 586 5κατ’
309 543 461 588 οὐσίαν
490 541 698 600 διάφορον
728 547 771 596 ἐξ
802 543 968 601 αἰδι’,ου
1001 544 1077 586 ουίι
1110 543 1238 597 αἰων,
1269 542 1322 584 ου’
1355 541 1522 599 χρόνος,
1555 544 1656 586 οὐδὲ

181 627 222 653 τι
250 613 335 653 τῶν
366 610 532 660 τούτοις
562 611 926 664 ἐνδιαιτωμένων·
987 610 1037 652 οὖ
1067 608 1157 666 γὰρ,
1180 608 1492 664 συμβαίνουσιν
1520 610 1655 665 α’λλή-

182 681 271 728 λοις
297 677 464 720 πώποτε
492 674 540 719 τό
574 679 729 733 κυρίως
755 673 864 719 εἶναι
895 679 968 720 καί
986 678 1038 719 ου’
1056 676 1256 734 κυρι’ως”.
1288 676 1360 719 καί
1388 676 1515 719 πάλιν
1527 673 1654 720 ἄπει..

182 760 258 801 ρον
287 741 397 788 εἶναι
437 742 579 786 δυάδα
625 745 830 798 ου’ὁαμῶς
860 745 1104 799 ἐνδέχεται·
1170 742 1216 786 αῖ
1256 746 1338 800 γὰρ
1387 747 1478 801 κατῖ
1522 743 1656 802 αὕτὴν

181 809 362 870 μονάδες
392 810 595 866 α’λλήλαις
638 812 741 854 κατὰ
784 813 1025 867 παράθεσιν
1066 809 1425 867 συνυπάρχουσαι
1468 813 1656 868 α’λλήλας

963 875 982 889 ²!

125 879 411 936 ιοὸρίζουσιν,
481 879 521 921 εἰ
561 879 608 921 δὲ
637 881 785 933 τοῦτο,
829 880 924 921 οὐδ’
954 895 1166 936 αναρχον·
1238 877 1349 935 α’ρχὴ
1391 878 1474 936 γάρ
1519 880 1658 937 πάσης

182 947 340 997 δυάδος
368 945 514 1001 μονάς.
586 948 626 989 εἰ
656 946 789 1002 δὲμὴ
823 962 1036 1001 αναρχον,
1081 947 1175 989 οὐδ’
1207 947 1421 1002 α’κίνητον·
1479 954 1671 991 κινεῖται]

179 1013 263 1071 γάρ
296 1015 355 1071 τῷ
382 1014 557 1071 α’ριθμῷ
574 1015 619 1056 ἐκ
644 1012 843 1068 μονάδων
862 1017 962 1056 καθ’
986 1015 1152 1067 ἕνωσιν,
1169 1013 1213 1057 τὸ
1240 1016 1287 1056 δὲ
1303 1013 1550 1069 κινούμενον
1581 1016 1659 1057 οὔκ

183 1080 296 1139 ἀρχῆ
330 1077 422 1124 ἀλλ’
449 1083 493 1134 ἐξ
527 1080 691 1138 ἀρχῆς,
721 1080 881 1138 δηλαδή
918 1083 996 1123 τοῦ
1025 1084 1251 1132 κινοῦντος.
1308 1081 1444 1136 μονὰς
1474 1085 1520 1126 δὲ
1549 1082 1658 1138 μόνη

181 1150 337 1206 κυρίως
378 1148 583 1205 ἀκίνητος.
642 1151 962 1203 πεπερασμέναι
990 1164 1055 1190 σοι
1093 1145 1179 1205 ἄρα
1220 1150 1295 1191 καί
1329 1148 1576 1205 ὑπ’·οἶρχὴν
1613 1148 1659 1192 αἱ

127 1213 414 1272 15θεότητες,
452 1211 684 1272 ἄνθρωπε·
740 1217 814 1257 καί
844 1215 885 1257 εἰ
911 1218 1052 1272 τοῦτο,
1093 1216 1352 1271 διαστήμασι
1394 1221 1581 1266 τοπικοῖς
1612 1232 1658 1259 τε

183 1285 258 1325 καί
283 1287 494 1339 χρονικοῖς
525 1282 870 1327 δεδουλεύκασιν.
915 1284 1138 1338 κτίσμασιν
1170 1277 1254 1339 ἆρα
1286 1284 1502 1338 λατρεύων
1531 1283 1658 1335 αὐτὸς

184 1349 418 1407 ἐλελήθεις.
492 1348 556 1393 ἔτι
597 1351 637 1393 εἰ
663 1348 767 1393 κατὰ
815 1353 862 1393 σὲ
892 1349 1035 1406 ἕτερον
1080 1352 1208 1394 ου’σιά
1237 1351 1310 1393 καί
1334 1351 1477 1407 ἕτερον
1505 1350 1606 1401 θεὸς
1636 1348 1658 1392 ὅ
1676 1359 1746 1395 4⁸2

183 1415 260 1473 τὴν
289 1418 439 1461 ου’σιάν
472 1415 584 1473 ἔχων
610 1416 684 1460 καὶ
711 1419 916 1476 διάφορος
944 1421 1019 1473 τῆς
1051 1420 1206 1468 οἰκείας
1236 1419 1400 1472 οὐσίας,
1429 1417 1542 1462 ἔστιν
1574 1415 1659 1475 ἄρα

185 1483 286 1535 θεὸς
316 1483 516 1535 ἆνούσιος
545 1488 620 1528 καί
649 1485 777 1528 ου’σιά
809 1488 915 1528 θεοῦ
945 1482 1084 1535 ἄθεος,
1144 1503 1250 1543 φησι
1281 1487 1360 1542 γὰρ
1393 1503 1462 1529 και
1494 1486 1514 1529 ὅ
1536 1490 1658 1531 Nvo-

127 1555 326 1608 mouban
357 1550 641 1609 Γρηγόριος“
645 1555 686 1596 εἰ
715 1553 760 1597 τὸ
794 1553 959 1608 α’γαθὸν
992 1570 1053 1607 ον,
1085 1553 1129 1596 τὸ
1161 1553 1343 1610 πονηρὸν
1381 1554 1458 1596 οὐκ
1490 1571 1563 1597 ον·
1622 1556 1664 1597 εἰ

189 1620 237 1663 δὲ
266 1617 314 1662 τὸ
339 1617 519 1678 πονηρὸν
547 1612 616 1676 ὅν,
647 1620 694 1663 τὸ
729 1619 895 1677 ἀγαθὸν
926 1622 1001 1663 οὐκ
1035 1637 1098 1676 ον,
1124 1618 1231 1664 κατά
1276 1619 1349 1664 τὸν
1375 1638 1458 1664 των
1490 1622 1660 1676 α’μέσων

191 1833 343 1868 eundum
362 1836 415 1876 te,
441 1832 619 1868 essentiae
646 1837 700 1868 est
730 1843 857 1878 expers
878 1832 971 1880 quod
992 1831 1155 1876 habetur,
1183 1842 1225 1867 ae
1241 1832 1272 1867 si
1298 1833 1455 1868 essentia
1482 1839 1536 1868 est
1559 1831 1660 1877 deus,

189 1882 225 1916 id
250 1882 360 1927 igitur
386 1882 481 1927 quod
517 1881 672 1916 essentia
708 1887 806 1915 earet
842 1891 914 1915 non
953 1887 1007 1915 est
1032 1882 1145 1923 deus,
1182 1882 1377 1916 efficientia
1413 1882 1598 1924 nimirum,
1627 1887 1662 1915 et

189 1930 380 1964 coniuncta
407 1934 461 1963 est
486 1929 555 1962 iam
585 1939 726 1973 semper
758 1935 794 1963 et
821 1940 865 1963 ex
892 1930 985 1963 omni
1011 1930 1224 1963 aeternitate
1249 1929 1393 1963 divinae
1421 1935 1456 1963 et
1480 1930 1662 1964 increatae

189 1977 369 2011 essentiae
393 1976 485 2011 haee
512 1978 669 2011 essentia
695 1988 819 2010 carens
847 1982 882 2010 et
916 1978 1059 2010 diversa
1087 1977 1294 2019 efficientia,
1319 1976 1496 2022 simulque
1523 1977 1661 2022 princi-
1716 2008 1720 2011 Δ

187 2025 286 2069 pium
311 2025 466 2058 omnium
491 2024 557 2058 tibi
583 2026 703 2058 evadit
728 2026 814 2068 dyas
843 2025 1064 2068 ineptissime
1090 2035 1110 2057 a
1136 2035 1175 2058 se
1210 2025 1287 2068 ipsa
1312 2025 1481 2059 differens
1503 2031 1539 2059 et
1564 2035 1661 2059 sem..

189 2083 254 2117 per
278 2083 398 2107 secum
424 2083 599 2118 pugnans.
650 2074 714 2106 sed
739 2074 909 2107 Maximus
939 2072 1100 2114 divinus,
1131 2081 1203 2105 non
1242 2077 1373 2115 potest,
1399 2073 1527 2117 inquit,
1557 2073 1662 2116 cogi-

188 2121 296 2154 tando
325 2120 400 2154 dari
434 2125 495 2154 aut
528 2119 673 2153 attribui
708 2121 897 2165 quidquam
925 2120 1018 2161 deo,
1046 2119 1139 2164 quod
1173 2120 1219 2153 sit
1244 2119 1287 2152 ab
1315 2121 1392 2153 eius
1419 2120 1577 2154 essentia
1604 2121 1660 2154 di-

189 2177 346 2210 versum,
374 2178 418 2202 ex
445 2168 539 2201 omni
566 2169 778 2201 aeternitate
797 2178 868 2200 non
891 2178 1032 2209 aevum,
1057 2177 1130 2201 non
1156 2172 1308 2210 tempus,
1329 2178 1448 2212 neque
1468 2168 1658 2212 quidquam

191 2225 313 2250 eorum
338 2225 430 2261 quae
455 2216 492 2249 in
519 2215 575 2249 his
613 2221 823 2257 versantur3
850 2226 968 2260 neque
1003 2215 1095 2247 enim
1130 2215 1440 2248 accommodantur
1468 2215 1535 2249 sibi
1562 2216 1662 2250 invi..

190 2273 268 2297 cem
296 2273 450 2309 unquam
483 2264 519 2297 id
543 2263 638 2308 quod
676 2264 822 2307 proprie
855 2262 990 2307 aliquid
1029 2267 1082 2295 est
1118 2267 1153 2295 et
1179 2263 1274 2306 quod
1303 2272 1375 2296 non
1414 2263 1573 2307 proprie.
1625 2268 1662 2296 et

189 2312 312 2345 rursus
336 2311 474 2345 infinita
503 2321 583 2345 esse
609 2310 695 2354 dyas
731 2310 832 2344 nulio
860 2311 962 2344 modo
991 2314 1126 2354 potest;
1166 2310 1335 2344 monades
1363 2312 1457 2343 enim
1481 2312 1518 2344 in
1546 2321 1589 2344 ea
1616 2321 1662 2344 ex

191 2359 459 2403 comparatione
500 2361 720 2402 compositae
758 2370 798 2392 se
833 2359 990 2391 invicem
1028 2357 1224 2392 definiunt:
1258 2357 1313 2391 sin
1350 2363 1468 2392 autem
1495 2357 1564 2391 hoc
1592 2363 1658 2400 est,

189 2415 261 2440 non
286 2411 341 2440 est
362 2405 427 2440 ina
452 2406 619 2450 principii
647 2417 800 2450 expers3
838 2406 1048 2450 principium
1085 2405 1177 2438 enim
1214 2405 1337 2448 dyadis
1364 2407 1478 2439 omnis
1505 2411 1559 2439 est
1583 2416 1663 2439 mo-

190 2463 268 2488 nas.
298 2454 424 2499 quodsi
449 2453 515 2487 illa
538 2463 610 2487 non
640 2460 693 2489 est
712 2454 881 2498 principii
909 2463 1050 2497 expers,
1078 2453 1200 2486 eadem
1228 2462 1300 2486 non
1328 2459 1382 2487 est
1405 2454 1560 2487 immota.
1581 2463 1662 2487 mo-

191 2506 298 2536 vetur
324 2502 417 2535 enim
442 2512 591 2536 numero
610 2514 655 2536 ex
669 2501 876 2535 monadibus
905 2501 948 2534 ad
974 2500 1292 2543 consociationem,
1318 2501 1413 2545 quod
1438 2506 1555 2534 autem
1580 2511 1661 2534 mo..

193 2554 299 2583 vetur
324 2558 397 2583 non
416 2555 470 2584 est
490 2550 718 2594 principium,
744 2550 806 2583 sed
825 2553 990 2582 movetur
1011 2559 1055 2582 ex
1075 2548 1253 2591 principio
1294 2549 1458 2582 nimirum
1480 2553 1661 2583 movente.

193 2606 316 2630 monas
356 2602 473 2631 autem
511 2597 590 2631 sola
625 2598 771 2642 proprie
799 2602 853 2631 est
894 2597 1048 2629 immota.
1100 2595 1284 2629 subiectae
1328 2597 1438 2641 igitur
1471 2596 1536 2630 tibi
1568 2600 1662 2638 sunt,

194 2644 332 2686 amice,
372 2645 477 2687 etiam
506 2645 570 2679 sub
598 2645 812 2690 principium
842 2645 1073 2686 divinitates,
1117 2643 1243 2687 quodsi
1282 2643 1349 2677 hoc
1375 2649 1448 2686 est,
1487 2644 1662 2678 mensuris

194 2691 357 2725 locorum
387 2697 423 2726 et
449 2697 645 2737 temporum
671 2694 886 2735 inserviunt,
913 2697 1033 2726 creata
1067 2692 1178 2736 igitur
1212 2690 1301 2725 colis
1327 2692 1542 2736 imprudens.
1593 2692 1664 2725 iam

195 2748 284 2773 vero
314 2739 346 2773 si
372 2749 417 2773 ex
441 2745 501 2774 tua
526 2742 705 2776 sententia
732 2740 827 2774 aliud
856 2745 910 2774 est
936 2740 1113 2782 essentia,
1141 2739 1237 2773 aliud
1271 2741 1357 2774 deus
1383 2740 1444 2785 qui
1473 2740 1663 2774 essentiam

198 2786 307 2829 habet
331 2792 367 2825 et
391 2787 554 2826 diversus
582 2795 636 2826 est
659 2799 680 2824 a
704 2800 768 2826 sua
787 2789 900 2836 ipsius
930 2789 1099 2833 essentia,
1130 2793 1183 2825 est
1200 2787 1309 2836 igitur
1334 2787 1420 2825 deus
1445 2787 1662 2825 inessentia-
