<?xml version="1.0" encoding="UTF-8"?>
<!DOCTYPE html PUBLIC "-//W3C//DTD XHTML 1.0 Transitional//EN"
    "http://www.w3.org/TR/xhtml1/DTD/xhtml1-transitional.dtd">
<html xmlns="http://www.w3.org/1999/xhtml" xml:lang="en" lang="en">
 <head>
  <title>
</title>
<meta http-equiv="Content-Type" content="text/html;charset=utf-8" />
  <meta name='ocr-system' content='tesseract 3.04.00' />
  <meta name='ocr-capabilities' content='ocr_page ocr_carea ocr_par ocr_line ocrx_word'/>
</head>
<body>
  <div class='ocr_page' id='page_1' title='image "./corpusscriptorum40niebuoft_0202.png"; bbox 0 0 1826 3120; ppageno 0'>
   <div class='ocr_carea' id='block_1_1' title="bbox 234 109 1280 188">
    <p class='ocr_par' dir='ltr' id='par_1_1' title="bbox 234 109 1280 188">
     <span class='ocr_line' id='line_1_1' title="bbox 234 109 1280 188; baseline -0.001 -2"><span class='ocrx_word' id='word_1_1' title='bbox 234 136 329 188; x_wconf 81' lang='lat'><strong>190·</strong></span> <span class='ocrx_word' id='word_1_2' title='bbox 633 109 928 187; x_wconf 72' lang='lat' dir='ltr'><strong>mcEmom</strong></span> <span class='ocrx_word' id='word_1_3' title='bbox 973 140 1280 185; x_wconf 72' lang='lat' dir='ltr'><strong>GREGonAE</strong></span> 
     </span>
    </p>
   </div>
   <div class='ocr_carea' id='block_1_2' title="bbox 5 247 1789 1777">
    <p class='ocr_par' dir='ltr' id='par_1_2' title="bbox 138 247 1789 1178">
     <span class='ocr_line' id='line_1_2' title="bbox 231 247 1687 305; baseline 0.001 -14"><span class='ocrx_word' id='word_1_4' title='bbox 231 266 305 299; x_wconf 74' lang='grc' dir='ltr'><strong><em>τας</em></strong></span> <span class='ocrx_word' id='word_1_5' title='bbox 335 251 405 291; x_wconf 75' lang='grc' dir='ltr'><strong><em>καί</em></strong></span> <span class='ocrx_word' id='word_1_6' title='bbox 434 248 593 298; x_wconf 70' lang='grc' dir='ltr'><strong><em>αὐτούς</em></strong></span> <span class='ocrx_word' id='word_1_7' title='bbox 623 250 733 298; x_wconf 76' lang='grc' dir='ltr'><strong><em>ἰδίας</em></strong></span> <span class='ocrx_word' id='word_1_8' title='bbox 763 248 998 303; x_wconf 75' lang='grc' dir='ltr'><em>προφάσεις</em></span> <span class='ocrx_word' id='word_1_9' title='bbox 1026 250 1095 301; x_wconf 80' lang='grc' dir='ltr'><strong><em>τῆς</em></strong></span> <span class='ocrx_word' id='word_1_10' title='bbox 1123 247 1264 302; x_wconf 79' lang='grc' dir='ltr'><strong><em>μάχης</em></strong></span> <span class='ocrx_word' id='word_1_11' title='bbox 1293 247 1402 291; x_wconf 74' lang='grc' dir='ltr'><strong><em>κατὰ</em></strong></span> <span class='ocrx_word' id='word_1_12' title='bbox 1420 250 1687 305; x_wconf 68' lang='grc' dir='ltr'><strong><em>Γεννουιτῶν,</em></strong></span> 
     </span>
     <span class='ocr_line' id='line_1_3' title="bbox 230 311 1690 371; baseline 0 -15"><span class='ocrx_word' id='word_1_13' title='bbox 230 315 287 366; x_wconf 71' lang='grc' dir='ltr'><strong><em>αἷς</em></strong></span> <span class='ocrx_word' id='word_1_14' title='bbox 316 318 359 358; x_wconf 84' lang='grc' dir='ltr'><strong><em>ἐν</em></strong></span> <span class='ocrx_word' id='word_1_15' title='bbox 390 321 476 364; x_wconf 83' lang='grc' dir='ltr'><strong><em>τοῖς</em></strong></span> <span class='ocrx_word' id='word_1_16' title='bbox 517 315 714 370; x_wconf 85' lang='grc' dir='ltr'><strong><em>α’νωτέρω</em></strong></span> <span class='ocrx_word' id='word_1_17' title='bbox 744 318 904 367; x_wconf 84' lang='grc' dir='ltr'><strong><em>βίβλοις</em></strong></span> <span class='ocrx_word' id='word_1_18' title='bbox 949 311 1045 366; x_wconf 67' lang='grc' dir='ltr'><strong><em>ἡμῖν</em></strong></span> <span class='ocrx_word' id='word_1_19' title='bbox 1076 311 1275 362; x_wconf 81' lang='grc' dir='ltr'><strong><em>πολλάκις</em></strong></span> <span class='ocrx_word' id='word_1_20' title='bbox 1303 329 1349 356; x_wconf 81' lang='grc' dir='ltr'><strong><em>τε</em></strong></span> <span class='ocrx_word' id='word_1_21' title='bbox 1383 315 1457 357; x_wconf 81' lang='grc' dir='ltr'><strong><em>καί</em></strong></span> <span class='ocrx_word' id='word_1_22' title='bbox 1480 315 1690 371; x_wconf 77' lang='grc' dir='ltr'><strong><em>πολυτρό-</em></strong></span> 
     </span>
     <span class='ocr_line' id='line_1_4' title="bbox 230 377 1689 438; baseline 0 -14"><span class='ocrx_word' id='word_1_23' title='bbox 230 399 316 431; x_wconf 83' lang='grc' dir='ltr'><strong><em>πως</em></strong></span> <span class='ocrx_word' id='word_1_24' title='bbox 345 381 522 438; x_wconf 82' lang='grc' dir='ltr'><strong><em>εἴρηται,</em></strong></span> <span class='ocrx_word' id='word_1_25' title='bbox 553 382 814 438; x_wconf 73' lang='grc' dir='ltr'><strong><em>ᾠκειώσαντο</em></strong></span> <span class='ocrx_word' id='word_1_26' title='bbox 850 382 895 421; x_wconf 84' lang='grc' dir='ltr'><strong><em>δὲ</em></strong></span> <span class='ocrx_word' id='word_1_27' title='bbox 933 379 1201 428; x_wconf 78' lang='grc' dir='ltr'><strong><em>Κατελάνους</em></strong></span> <span class='ocrx_word' id='word_1_28' title='bbox 1234 377 1405 434; x_wconf 79' lang='grc' dir='ltr'><strong><em>ἔχοντας</em></strong></span> <span class='ocrx_word' id='word_1_29' title='bbox 1435 383 1508 423; x_wconf 75' lang='grc' dir='ltr'><strong><em>καί</em></strong></span> <span class='ocrx_word' id='word_1_30' title='bbox 1534 380 1689 432; x_wconf 64' lang='grc' dir='ltr'><strong><em>αὐτους</em></strong></span> 
     </span>
     <span class='ocr_line' id='line_1_5' title="bbox 229 445 1690 503; baseline -0.001 -11"><span class='ocrx_word' id='word_1_31' title='bbox 229 452 339 499; x_wconf 82' lang='grc' dir='ltr'><strong><em>ἰδίας</em></strong></span> <span class='ocrx_word' id='word_1_32' title='bbox 373 449 528 503; x_wconf 83' lang='grc' dir='ltr'><strong><em>ὁμοίως</em></strong></span> <span class='ocrx_word' id='word_1_33' title='bbox 556 451 628 502; x_wconf 84' lang='grc' dir='ltr'><strong><em>τῆς</em></strong></span> <span class='ocrx_word' id='word_1_34' title='bbox 649 448 791 502; x_wconf 81' lang='grc' dir='ltr'><strong><em>μάχης</em></strong></span> <span class='ocrx_word' id='word_1_35' title='bbox 818 445 1052 502; x_wconf 79' lang='grc' dir='ltr'><em>προφάσεις</em></span> <span class='ocrx_word' id='word_1_36' title='bbox 1070 445 1186 488; x_wconf 63' lang='grc' dir='ltr'><strong><em>»κατὰ</em></strong></span> <span class='ocrx_word' id='word_1_37' title='bbox 1222 447 1506 502; x_wconf 77' lang='grc' dir='ltr'><strong><em>Γεννουϊτῶν,</em></strong></span> <span class='ocrx_word' id='word_1_38' title='bbox 1549 448 1606 500; x_wconf 68' lang='grc' dir='ltr'><strong><em>ὥς</em></strong></span> <span class='ocrx_word' id='word_1_39' title='bbox 1627 449 1690 492; x_wconf 59' lang='grc' dir='ltr'><strong><em>εἶ-ι</em></strong></span> 
     </span>
     <span class='ocr_line' id='line_1_6' title="bbox 227 516 1722 571; baseline -0.001 -13"><span class='ocrx_word' id='word_1_40' title='bbox 227 516 413 571; x_wconf 81' lang='grc' dir='ltr'><strong><em>ρὴσεται.</em></strong></span> <span class='ocrx_word' id='word_1_41' title='bbox 983 565 987 568; x_wconf 8' lang='grc' dir='ltr'>ζ</span> <span class='ocrx_word' id='word_1_42' title='bbox 1699 532 1722 567; x_wconf 88' lang='lat'>5</span> 
     </span>
     <span class='ocr_line' id='line_1_7' title="bbox 138 580 1687 640; baseline 0.002 -17"><span class='ocrx_word' id='word_1_43' title='bbox 138 595 211 630; x_wconf 64' lang='lat' dir='ltr'><strong><em>az</em></strong></span> <span class='ocrx_word' id='word_1_44' title='bbox 359 583 498 636; x_wconf 75' lang='grc' dir='ltr'><strong><em>Νῆσος</em></strong></span> <span class='ocrx_word' id='word_1_45' title='bbox 526 580 603 635; x_wconf 78' lang='grc' dir='ltr'><strong><em>γάρ</em></strong></span> <span class='ocrx_word' id='word_1_46' title='bbox 649 583 738 623; x_wconf 81' lang='grc' dir='ltr'><strong><em>ἐστι</em></strong></span> <span class='ocrx_word' id='word_1_47' title='bbox 782 582 945 635; x_wconf 79' lang='grc' dir='ltr'><strong><em>μεγάλη</em></strong></span> <span class='ocrx_word' id='word_1_48' title='bbox 975 580 1045 621; x_wconf 85' lang='grc' dir='ltr'><strong><em>καί</em></strong></span> <span class='ocrx_word' id='word_1_49' title='bbox 1082 580 1418 636; x_wconf 72' lang='grc' dir='ltr'><strong><em>πολυάνθρωπος</em></strong></span> <span class='ocrx_word' id='word_1_50' title='bbox 1449 583 1687 640; x_wconf 76' lang='grc' dir='ltr'><strong><em>καλουμένη</em></strong></span> 
     </span>
     <span class='ocr_line' id='line_1_8' title="bbox 226 642 1685 704; baseline -0.002 -13"><span class='ocrx_word' id='word_1_51' title='bbox 226 646 392 700; x_wconf 73' lang='grc' dir='ltr'><strong><em>Σαρδώ,</em></strong></span> <span class='ocrx_word' id='word_1_52' title='bbox 422 646 537 702; x_wconf 75' lang='grc' dir='ltr'><strong><em>παριὶ</em></strong></span> <span class='ocrx_word' id='word_1_53' title='bbox 557 647 601 690; x_wconf 84' lang='grc' dir='ltr'><strong><em>τό</em></strong></span> <span class='ocrx_word' id='word_1_54' title='bbox 627 646 886 704; x_wconf 78' lang='grc' dir='ltr'><strong><em>Τυρρηνικὸν</em></strong></span> <span class='ocrx_word' id='word_1_55' title='bbox 906 647 1101 702; x_wconf 78' lang='grc' dir='ltr'><strong><em>ἀνειμένη</em></strong></span> <span class='ocrx_word' id='word_1_56' title='bbox 1127 650 1316 701; x_wconf 82' lang='grc' dir='ltr'><strong><em>πέλαγος,</em></strong></span> <span class='ocrx_word' id='word_1_57' title='bbox 1343 642 1421 703; x_wconf 72' lang='grc' dir='ltr'><strong><em>ὅρη</em></strong></span> <span class='ocrx_word' id='word_1_58' title='bbox 1448 651 1527 702; x_wconf 72' lang='grc' dir='ltr'><strong><em>μὲν</em></strong></span> <span class='ocrx_word' id='word_1_59' title='bbox 1554 653 1685 691; x_wconf 77' lang='grc' dir='ltr'><strong><em>πλον..</em></strong></span> 
     </span>
     <span class='ocr_line' id='line_1_9' title="bbox 224 712 1687 769; baseline 0.001 -12"><span class='ocrx_word' id='word_1_60' title='bbox 224 716 354 757; x_wconf 59' lang='lat' dir='ltr'><strong><em>mima</em></strong></span> <span class='ocrx_word' id='word_1_61' title='bbox 391 713 534 769; x_wconf 72' lang='grc' dir='ltr'><strong><em>μακρὰ</em></strong></span> <span class='ocrx_word' id='word_1_62' title='bbox 566 713 637 755; x_wconf 85' lang='grc' dir='ltr'><strong><em>καί</em></strong></span> <span class='ocrx_word' id='word_1_63' title='bbox 666 712 756 766; x_wconf 73' lang='grc' dir='ltr'><strong><em>ἅμα</em></strong></span> <span class='ocrx_word' id='word_1_64' title='bbox 790 719 992 766; x_wconf 82' lang='grc' dir='ltr'><strong><em>ποταμοῖς</em></strong></span> <span class='ocrx_word' id='word_1_65' title='bbox 1030 713 1240 769; x_wconf 82' lang='grc' dir='ltr'><strong><em>α’ρδομὲνη</em></strong></span> <span class='ocrx_word' id='word_1_66' title='bbox 1280 717 1516 768; x_wconf 80' lang='grc' dir='ltr'><strong><em>παντοίοις,</em></strong></span> <span class='ocrx_word' id='word_1_67' title='bbox 1543 714 1687 759; x_wconf 73' lang='grc' dir='ltr'><strong><em>πόλεσι</em></strong></span> 
     </span>
     <span class='ocr_line' id='line_1_10' title="bbox 225 778 1688 837; baseline 0.001 -14"><span class='ocrx_word' id='word_1_68' title='bbox 225 784 271 824; x_wconf 80' lang='grc' dir='ltr'><strong><em>δὲ</em></strong></span> <span class='ocrx_word' id='word_1_69' title='bbox 298 781 370 823; x_wconf 84' lang='grc' dir='ltr'><em>καί</em></span> <span class='ocrx_word' id='word_1_70' title='bbox 397 778 556 833; x_wconf 74' lang='grc' dir='ltr'><strong><em>κώμαις</em></strong></span> <span class='ocrx_word' id='word_1_71' title='bbox 584 781 875 836; x_wconf 76' lang='grc' dir='ltr'><strong><em>εὕθηνουμένη</em></strong></span> <span class='ocrx_word' id='word_1_72' title='bbox 907 785 1092 831; x_wconf 82' lang='grc' dir='ltr'><strong><em>πολλαῖς,</em></strong></span> <span class='ocrx_word' id='word_1_73' title='bbox 1122 779 1273 822; x_wconf 83' lang='grc' dir='ltr'><strong><em>ὁπόσαι</em></strong></span> <span class='ocrx_word' id='word_1_74' title='bbox 1305 797 1350 823; x_wconf 80' lang='grc' dir='ltr'><strong><em>τε</em></strong></span> <span class='ocrx_word' id='word_1_75' title='bbox 1377 782 1587 837; x_wconf 80' lang='grc' dir='ltr'><strong><em>μεσόγεισι</em></strong></span> <span class='ocrx_word' id='word_1_76' title='bbox 1615 786 1688 826; x_wconf 73' lang='grc' dir='ltr'><strong><em>καί</em></strong></span> 
     </span>
     <span class='ocr_line' id='line_1_11' title="bbox 225 844 1789 903; baseline 0.003 -14"><span class='ocrx_word' id='word_1_77' title='bbox 225 846 380 890; x_wconf 82' lang='grc' dir='ltr'><strong><em>ὁπόσαι</em></strong></span> <span class='ocrx_word' id='word_1_78' title='bbox 411 846 634 901; x_wconf 81' lang='grc' dir='ltr'><strong><em>παράλιοι·</em></strong></span> <span class='ocrx_word' id='word_1_79' title='bbox 695 844 823 889; x_wconf 80' lang='grc' dir='ltr'><strong><em>ἀκταί</em></strong></span> <span class='ocrx_word' id='word_1_80' title='bbox 839 863 883 888; x_wconf 85' lang='grc' dir='ltr'><strong><em>τε</em></strong></span> <span class='ocrx_word' id='word_1_81' title='bbox 914 846 1044 901; x_wconf 76' lang='grc' dir='ltr'><strong><em>αὐτὴν</em></strong></span> <span class='ocrx_word' id='word_1_82' title='bbox 1065 847 1138 889; x_wconf 80' lang='grc' dir='ltr'><em>καί</em></span> <span class='ocrx_word' id='word_1_83' title='bbox 1165 851 1327 900; x_wconf 83' lang='grc' dir='ltr'><strong><em>λιμένες</em></strong></span> <span class='ocrx_word' id='word_1_84' title='bbox 1358 847 1683 903; x_wconf 72' lang='grc' dir='ltr'><strong><em>περιχορεύουσι</em></strong></span> <span class='ocrx_word' id='word_1_85' title='bbox 1697 858 1742 894; x_wconf 86' lang='grc'><strong><em>10</em></strong></span> <span class='ocrx_word' id='word_1_86' title='bbox 1780 853 1789 864; x_wconf 64' lang='grc'><em>”</em></span> 
     </span>
     <span class='ocr_line' id='line_1_12' title="bbox 224 911 1685 970; baseline 0.002 -14"><span class='ocrx_word' id='word_1_87' title='bbox 224 917 297 957; x_wconf 74' lang='grc' dir='ltr'><strong><em>καί</em></strong></span> <span class='ocrx_word' id='word_1_88' title='bbox 321 913 467 957; x_wconf 86' lang='grc' dir='ltr'><strong><em>κόλποι</em></strong></span> <span class='ocrx_word' id='word_1_89' title='bbox 501 916 749 963; x_wconf 77' lang='grc' dir='ltr'><strong><em>πολυειδεῖς.</em></strong></span> <span class='ocrx_word' id='word_1_90' title='bbox 809 911 914 970; x_wconf 70' lang='grc' dir='ltr'><strong><em>αὕτη</em></strong></span> <span class='ocrx_word' id='word_1_91' title='bbox 943 912 1073 956; x_wconf 72' lang='grc' dir='ltr'><strong><em>πολύν</em></strong></span> <span class='ocrx_word' id='word_1_92' title='bbox 1118 930 1210 956; x_wconf 90' lang='grc' dir='ltr'><strong><em>τινα</em></strong></span> <span class='ocrx_word' id='word_1_93' title='bbox 1242 913 1395 969; x_wconf 87' lang='grc' dir='ltr'><strong><em>χρόνον</em></strong></span> <span class='ocrx_word' id='word_1_94' title='bbox 1428 915 1509 956; x_wconf 74' lang='grc' dir='ltr'><strong><em>ὑπὸ</em></strong></span> <span class='ocrx_word' id='word_1_95' title='bbox 1542 918 1685 958; x_wconf 68' lang='grc' dir='ltr'><strong><em>Κατει-</em></strong></span> 
     </span>
     <span class='ocr_line' id='line_1_13' title="bbox 225 976 1696 1037; baseline 0 -13"><span class='ocrx_word' id='word_1_96' title='bbox 225 981 364 1032; x_wconf 82' lang='grc' dir='ltr'><strong><em>λάνοις</em></strong></span> <span class='ocrx_word' id='word_1_97' title='bbox 395 982 555 1024; x_wconf 80' lang='grc' dir='ltr'><strong><em>ε’τέλεσέ</em></strong></span> <span class='ocrx_word' id='word_1_98' title='bbox 585 977 629 1022; x_wconf 76' lang='grc' dir='ltr'><strong><em>τε</em></strong></span> <span class='ocrx_word' id='word_1_99' title='bbox 672 980 744 1022; x_wconf 82' lang='grc' dir='ltr'>καί</span> <span class='ocrx_word' id='word_1_100' title='bbox 788 976 868 1036; x_wconf 76' lang='grc' dir='ltr'><strong><em>ἤδη</em></strong></span> <span class='ocrx_word' id='word_1_101' title='bbox 918 983 973 1037; x_wconf 77' lang='grc' dir='ltr'><strong><em>τῷ</em></strong></span> <span class='ocrx_word' id='word_1_102' title='bbox 1012 981 1170 1022; x_wconf 83' lang='grc' dir='ltr'><strong><em>πλείονι</em></strong></span> <span class='ocrx_word' id='word_1_103' title='bbox 1211 984 1334 1036; x_wconf 84' lang='grc' dir='ltr'><strong><em>μέρει</em></strong></span> <span class='ocrx_word' id='word_1_104' title='bbox 1360 985 1481 1024; x_wconf 77' lang='grc' dir='ltr'><strong><em>τελεῖ.</em></strong></span> <span class='ocrx_word' id='word_1_105' title='bbox 1539 984 1615 1025; x_wconf 78' lang='grc' dir='ltr'><strong><em>νῦν</em></strong></span> <span class='ocrx_word' id='word_1_106' title='bbox 1645 983 1696 1025; x_wconf 69' lang='grc' dir='ltr'><strong><em>δ’,</em></strong></span> 
     </span>
     <span class='ocr_line' id='line_1_14' title="bbox 223 1046 1684 1107; baseline 0.001 -17"><span class='ocrx_word' id='word_1_107' title='bbox 223 1050 346 1107; x_wconf 81' lang='grc' dir='ltr'><strong><em>ὀλίγῳ</em></strong></span> <span class='ocrx_word' id='word_1_108' title='bbox 387 1048 589 1103; x_wconf 86' lang='grc' dir='ltr'><strong><em>πρότερον</em></strong></span> <span class='ocrx_word' id='word_1_109' title='bbox 630 1046 767 1097; x_wconf 79' lang='grc' dir='ltr'><strong><em>δόλοις</em></strong></span> <span class='ocrx_word' id='word_1_110' title='bbox 803 1051 1024 1102; x_wconf 75' lang='grc' dir='ltr'><strong><em>λαθραίοις</em></strong></span> <span class='ocrx_word' id='word_1_111' title='bbox 1061 1047 1250 1104; x_wconf 74' lang='grc' dir='ltr'><strong><em>φρούρια</em></strong></span> <span class='ocrx_word' id='word_1_112' title='bbox 1291 1051 1368 1091; x_wconf 80' lang='grc' dir='ltr'><strong><em>δύο</em></strong></span> <span class='ocrx_word' id='word_1_113' title='bbox 1414 1052 1623 1103; x_wconf 76' lang='grc' dir='ltr'><strong><em>κατέσχον</em></strong></span> <span class='ocrx_word' id='word_1_114' title='bbox 1643 1048 1684 1092; x_wconf 74' lang='grc' dir='ltr'><strong><em>οἱ</em></strong></span> 
     </span>
     <span class='ocr_line' id='line_1_15' title="bbox 223 1113 1685 1178; baseline 0 -21"><span class='ocrx_word' id='word_1_115' title='bbox 223 1118 467 1178; x_wconf 52' lang='grc' dir='ltr'><strong><em>ᾙεννουΐται</em></strong></span> <span class='ocrx_word' id='word_1_116' title='bbox 498 1116 678 1168; x_wconf 82' lang='grc' dir='ltr'><strong><em>αυ’τόθι,</em></strong></span> <span class='ocrx_word' id='word_1_117' title='bbox 725 1114 823 1168; x_wconf 77' lang='grc' dir='ltr'><strong><em>πρίν</em></strong></span> <span class='ocrx_word' id='word_1_118' title='bbox 857 1116 1087 1156; x_wconf 74' lang='grc' dir='ltr'><strong><em>αἰσθέσθαι</em></strong></span> <span class='ocrx_word' id='word_1_119' title='bbox 1116 1113 1217 1164; x_wconf 73' lang='grc' dir='ltr'><strong><em>τούς</em></strong></span> <span class='ocrx_word' id='word_1_120' title='bbox 1245 1117 1488 1170; x_wconf 79' lang='grc' dir='ltr'><strong><em>ἐγχωρίους.</em></strong></span> <span class='ocrx_word' id='word_1_121' title='bbox 1561 1117 1685 1159; x_wconf 79' lang='grc' dir='ltr'><strong><em>τοῦτο</em></strong></span> 
     </span>
    </p>

    <p class='ocr_par' dir='ltr' id='par_1_3' title="bbox 5 1177 1741 1436">
     <span class='ocr_line' id='line_1_16' title="bbox 5 1177 1741 1239; baseline -0.002 -12"><span class='ocrx_word' id='word_1_122' title='bbox 5 1196 7 1200; x_wconf 81' lang='grc'>’</span> <span class='ocrx_word' id='word_1_123' title='bbox 56 1180 484 1230; x_wconf 70' lang='grc' dir='ltr'><strong><em>ι.108ι·.1ίατελάνοις</em></strong></span> <span class='ocrx_word' id='word_1_124' title='bbox 523 1185 710 1237; x_wconf 75' lang='grc' dir='ltr'><strong><em>γνωσθὲν</em></strong></span> <span class='ocrx_word' id='word_1_125' title='bbox 752 1177 843 1222; x_wconf 72' lang='grc' dir='ltr'><strong><em>οὔτε</em></strong></span> <span class='ocrx_word' id='word_1_126' title='bbox 886 1181 1069 1237; x_wconf 88' lang='grc' dir='ltr'><strong><em>φορητὸν</em></strong></span> <span class='ocrx_word' id='word_1_127' title='bbox 1118 1184 1191 1223; x_wconf 83' lang='grc' dir='ltr'><em>καί</em></span> <span class='ocrx_word' id='word_1_128' title='bbox 1230 1183 1383 1239; x_wconf 85' lang='grc' dir='ltr'><strong><em>κομιδῇ</em></strong></span> <span class='ocrx_word' id='word_1_129' title='bbox 1442 1181 1681 1235; x_wconf 76' lang='grc' dir='ltr'><strong><em>νενόμισται</em></strong></span> <span class='ocrx_word' id='word_1_130' title='bbox 1698 1194 1741 1231; x_wconf 79' lang='lat'><strong><em>15</em></strong></span> 
     </span>
     <span class='ocr_line' id='line_1_17' title="bbox 222 1247 1684 1312; baseline 0 -21"><span class='ocrx_word' id='word_1_131' title='bbox 222 1251 351 1304; x_wconf 74' lang='grc' dir='ltr'><strong><em>βαρύ.</em></strong></span> <span class='ocrx_word' id='word_1_132' title='bbox 419 1249 484 1291; x_wconf 84' lang='grc' dir='ltr'><strong><em>διὸ</em></strong></span> <span class='ocrx_word' id='word_1_133' title='bbox 525 1252 598 1291; x_wconf 78' lang='grc' dir='ltr'><strong><em>καί</em></strong></span> <span class='ocrx_word' id='word_1_134' title='bbox 638 1247 746 1291; x_wconf 71' lang='grc' dir='ltr'><strong><em>οὕτω</em></strong></span> <span class='ocrx_word' id='word_1_135' title='bbox 785 1250 1002 1302; x_wconf 74' lang='grc' dir='ltr'><strong><em>δυσμενῶς</em></strong></span> <span class='ocrx_word' id='word_1_136' title='bbox 1038 1247 1152 1303; x_wconf 57' lang='grc' dir='ltr'><strong><em>πρὸς»</em></strong></span> <span class='ocrx_word' id='word_1_137' title='bbox 1181 1252 1362 1298; x_wconf 81' lang='grc' dir='ltr'><strong><em>ἐκείνους</em></strong></span> <span class='ocrx_word' id='word_1_138' title='bbox 1393 1251 1684 1312; x_wconf 67' lang='grc' dir='ltr'><strong><em>διακειμένοις,</em></strong></span> 
     </span>
     <span class='ocr_line' id='line_1_18' title="bbox 224 1314 1684 1373; baseline 0 -15"><span class='ocrx_word' id='word_1_139' title='bbox 224 1316 329 1369; x_wconf 84' lang='grc' dir='ltr'><strong><em>πρὸς</em></strong></span> <span class='ocrx_word' id='word_1_140' title='bbox 351 1315 426 1370; x_wconf 74' lang='grc' dir='ltr'><strong><em>τὴν</em></strong></span> <span class='ocrx_word' id='word_1_141' title='bbox 450 1314 620 1358; x_wconf 74' lang='grc' dir='ltr'><strong><em>ἑαυτῶν</em></strong></span> <span class='ocrx_word' id='word_1_142' title='bbox 640 1314 819 1368; x_wconf 77' lang='grc' dir='ltr'><strong><em>ἑτοίμοις</em></strong></span> <span class='ocrx_word' id='word_1_143' title='bbox 843 1317 1094 1370; x_wconf 78' lang='grc' dir='ltr'><strong><em>συμμαχίαν</em></strong></span> <span class='ocrx_word' id='word_1_144' title='bbox 1122 1317 1320 1370; x_wconf 76' lang='grc' dir='ltr'><strong><em>ἐνέτυχον</em></strong></span> <span class='ocrx_word' id='word_1_145' title='bbox 1348 1316 1496 1373; x_wconf 83' lang='grc' dir='ltr'><strong><em>σφίσιν</em></strong></span> <span class='ocrx_word' id='word_1_146' title='bbox 1527 1314 1566 1359; x_wconf 82' lang='grc' dir='ltr'><strong><em>οἱ</em></strong></span> <span class='ocrx_word' id='word_1_147' title='bbox 1596 1320 1684 1360; x_wconf 82' lang='grc' dir='ltr'><strong><em>Βε-</em></strong></span> 
     </span>
     <span class='ocr_line' id='line_1_19' title="bbox 226 1380 1010 1436; baseline -0.001 -12"><span class='ocrx_word' id='word_1_148' title='bbox 226 1383 377 1425; x_wconf 70' lang='lat' dir='ltr'><strong><em>verenae·</em></strong></span> <span class='ocrx_word' id='word_1_149' title='bbox 404 1381 511 1423; x_wconf 75' lang='grc' dir='ltr'><strong><em>κατὰ</em></strong></span> <span class='ocrx_word' id='word_1_150' title='bbox 543 1381 589 1423; x_wconf 84' lang='grc' dir='ltr'><strong><em>τὸ</em></strong></span> <span class='ocrx_word' id='word_1_151' title='bbox 610 1380 738 1433; x_wconf 69' lang='grc' dir='ltr'><strong><em>’μα’λα</em></strong></span> <span class='ocrx_word' id='word_1_152' title='bbox 769 1399 806 1423; x_wconf 83' lang='grc' dir='ltr'><strong><em>τι</em></strong></span> <span class='ocrx_word' id='word_1_153' title='bbox 836 1384 1010 1436; x_wconf 86' lang='grc' dir='ltr'><strong><em>καίριον.</em></strong></span> 
     </span>
    </p>

    <p class='ocr_par' dir='ltr' id='par_1_4' title="bbox 136 1446 1740 1777">
     <span class='ocr_line' id='line_1_20' title="bbox 136 1446 1684 1505; baseline 0.003 -16"><span class='ocrx_word' id='word_1_154' title='bbox 136 1461 208 1495; x_wconf 71' lang='lat'><strong><em>28</em></strong></span> <span class='ocrx_word' id='word_1_155' title='bbox 359 1448 554 1502; x_wconf 72' lang='grc' dir='ltr'><strong><em>Κᾰπειδὴ</em></strong></span> <span class='ocrx_word' id='word_1_156' title='bbox 583 1465 684 1503; x_wconf 86' lang='grc' dir='ltr'><strong><em>περ,</em></strong></span> <span class='ocrx_word' id='word_1_157' title='bbox 716 1448 772 1498; x_wconf 74' lang='grc' dir='ltr'><strong><em>ὥς</em></strong></span> <span class='ocrx_word' id='word_1_158' title='bbox 801 1446 962 1504; x_wconf 82' lang='grc' dir='ltr'><strong><em>ἔφημεν</em></strong></span> <span class='ocrx_word' id='word_1_159' title='bbox 981 1481 992 1502; x_wconf 85' lang='grc'>,</span> <span class='ocrx_word' id='word_1_160' title='bbox 1038 1447 1343 1504; x_wconf 77' lang='grc' dir='ltr'><strong><em>τετταράκοντα</em></strong></span> <span class='ocrx_word' id='word_1_161' title='bbox 1385 1451 1571 1505; x_wconf 79' lang='grc' dir='ltr'><strong><em>τριήρεις</em></strong></span> <span class='ocrx_word' id='word_1_162' title='bbox 1597 1456 1684 1501; x_wconf 75' lang='grc' dir='ltr'><strong><em>τοῖς</em></strong></span> 
     </span>
     <span class='ocr_line' id='line_1_21' title="bbox 225 1514 1740 1572; baseline 0.001 -13"><span class='ocrx_word' id='word_1_163' title='bbox 225 1516 483 1565; x_wconf 78' lang='grc' dir='ltr'><strong><em>Κατελάνοις</em></strong></span> <span class='ocrx_word' id='word_1_164' title='bbox 525 1517 745 1567; x_wconf 81' lang='grc' dir='ltr'><strong><em>δυνάμεως</em></strong></span> <span class='ocrx_word' id='word_1_165' title='bbox 785 1515 948 1571; x_wconf 80' lang='grc' dir='ltr'><strong><em>ἁπάσης</em></strong></span> <span class='ocrx_word' id='word_1_166' title='bbox 989 1514 1201 1570; x_wconf 81' lang='grc' dir='ltr'><strong><em>ὁπλιτικῆς</em></strong></span> <span class='ocrx_word' id='word_1_167' title='bbox 1246 1517 1564 1572; x_wconf 75' lang='grc' dir='ltr'><strong><em>πεπλήρωνται,</em></strong></span> <span class='ocrx_word' id='word_1_168' title='bbox 1598 1519 1740 1565; x_wconf 66' lang='grc' dir='ltr'><strong><em>τῶνξεῠ</em></strong></span> 
     </span>
     <span class='ocr_line' id='line_1_22' title="bbox 220 1581 1681 1641; baseline 0.001 -16"><span class='ocrx_word' id='word_1_169' title='bbox 220 1588 449 1638; x_wconf 81' lang='grc' dir='ltr'><strong><em>βελτίστων</em></strong></span> <span class='ocrx_word' id='word_1_170' title='bbox 487 1581 600 1633; x_wconf 77' lang='grc' dir='ltr'><strong><em>ἔδοξε</em></strong></span> <span class='ocrx_word' id='word_1_171' title='bbox 642 1585 816 1637; x_wconf 78' lang='grc' dir='ltr'><strong><em>διαβᾶσι</em></strong></span> <span class='ocrx_word' id='word_1_172' title='bbox 864 1583 1068 1639; x_wconf 89' lang='grc' dir='ltr'><strong><em>πρότερον</em></strong></span> <span class='ocrx_word' id='word_1_173' title='bbox 1107 1585 1243 1626; x_wconf 82' lang='grc' dir='ltr'><strong><em>ἐκεῖνα</em></strong></span> <span class='ocrx_word' id='word_1_174' title='bbox 1282 1587 1429 1641; x_wconf 85' lang='grc' dir='ltr'><strong><em>σφίσιν</em></strong></span> <span class='ocrx_word' id='word_1_175' title='bbox 1469 1585 1610 1635; x_wconf 73' lang='grc' dir='ltr'><strong><em>αὐτοῖς</em></strong></span> <span class='ocrx_word' id='word_1_176' title='bbox 1637 1587 1681 1636; x_wconf 72' lang='grc' dir='ltr'><strong><em>ἐξ</em></strong></span> 
     </span>
     <span class='ocr_line' id='line_1_23' title="bbox 221 1649 1680 1709; baseline -0.001 -14"><span class='ocrx_word' id='word_1_177' title='bbox 221 1652 380 1708; x_wconf 84' lang='grc' dir='ltr'><strong><em>ἐφόδου</em></strong></span> <span class='ocrx_word' id='word_1_178' title='bbox 415 1652 466 1695; x_wconf 82' lang='grc' dir='ltr'><strong><em>τὰ</em></strong></span> <span class='ocrx_word' id='word_1_179' title='bbox 515 1651 704 1708; x_wconf 73' lang='grc' dir='ltr'><strong><em>φρούρια</em></strong></span> <span class='ocrx_word' id='word_1_180' title='bbox 757 1651 1148 1707; x_wconf 85' lang='grc' dir='ltr'><strong><em>περιποιήσασθαι,</em></strong></span> <span class='ocrx_word' id='word_1_181' title='bbox 1196 1649 1303 1706; x_wconf 75' lang='grc' dir='ltr'><strong><em>ἅπερ</em></strong></span> <span class='ocrx_word' id='word_1_182' title='bbox 1347 1655 1391 1694; x_wconf 76' lang='grc' dir='ltr'><strong><em>ἐν</em></strong></span> <span class='ocrx_word' id='word_1_183' title='bbox 1440 1653 1607 1707; x_wconf 75' lang='grc' dir='ltr'><strong><em>Σαρδοῖ·</em></strong></span> <span class='ocrx_word' id='word_1_184' title='bbox 1629 1653 1680 1709; x_wconf 81' lang='grc' dir='ltr'><strong><em>τῇ</em></strong></span> 
     </span>
     <span class='ocr_line' id='line_1_24' title="bbox 221 1714 1680 1777; baseline -0.002 -15"><span class='ocrx_word' id='word_1_185' title='bbox 221 1718 331 1777; x_wconf 77' lang='grc' dir='ltr'><strong><em>νήσῳ</em></strong></span> <span class='ocrx_word' id='word_1_186' title='bbox 360 1720 466 1775; x_wconf 84' lang='grc' dir='ltr'><strong><em>πρὸς</em></strong></span> <span class='ocrx_word' id='word_1_187' title='bbox 492 1722 573 1762; x_wconf 78' lang='grc' dir='ltr'><strong><em>τῶν</em></strong></span> <span class='ocrx_word' id='word_1_188' title='bbox 597 1722 868 1776; x_wconf 79' lang='grc' dir='ltr'><strong><em>Γεννουῖτιὸν,</em></strong></span> <span class='ocrx_word' id='word_1_189' title='bbox 900 1719 956 1769; x_wconf 75' lang='grc' dir='ltr'><strong><em>ὡς</em></strong></span> <span class='ocrx_word' id='word_1_190' title='bbox 979 1720 1227 1774; x_wconf 82' lang='grc' dir='ltr'><strong><em>εἰρήκειμεν,</em></strong></span> <span class='ocrx_word' id='word_1_191' title='bbox 1253 1721 1521 1775; x_wconf 75' lang='grc' dir='ltr'><strong><em>ἐζημίωνται.</em></strong></span> <span class='ocrx_word' id='word_1_192' title='bbox 1578 1714 1680 1761; x_wconf 74' lang='lat' dir='ltr'><strong>tov&#39;-</strong></span> 
     </span>
    </p>
   </div>
   <div class='ocr_carea' id='block_1_3' title="bbox 1780 0 1826 937">
    <p class='ocr_par' dir='ltr' id='par_1_5' title="bbox 1780 0 1826 937">
     <span class='ocr_line' id='line_1_25' title="bbox 1780 0 1826 937; baseline 0 0"><span class='ocrx_word' id='word_1_193' title='bbox 1780 0 1826 937; x_wconf 95' lang='lat' dir='ltr'><strong><em> </em></strong></span> 
     </span>
    </p>
   </div>
   <div class='ocr_carea' id='block_1_4' title="bbox 221 1905 1680 2090">
    <p class='ocr_par' dir='ltr' id='par_1_6' title="bbox 221 1905 1680 2090">
     <span class='ocr_line' id='line_1_26' title="bbox 221 1905 1678 1950; baseline 0.001 -11"><span class='ocrx_word' id='word_1_194' title='bbox 221 1905 325 1939; x_wconf 93' lang='lat' dir='ltr'><strong>modo</strong></span> <span class='ocrx_word' id='word_1_195' title='bbox 358 1915 452 1939; x_wconf 89' lang='lat' dir='ltr'><strong>nunc</strong></span> <span class='ocrx_word' id='word_1_196' title='bbox 478 1914 619 1949; x_wconf 86' lang='lat' dir='ltr'><strong>quoque</strong></span> <span class='ocrx_word' id='word_1_197' title='bbox 644 1905 680 1939; x_wconf 89' lang='lat' dir='ltr'><strong><em>in</em></strong></span> <span class='ocrx_word' id='word_1_198' title='bbox 705 1915 786 1939; x_wconf 86' lang='lat' dir='ltr'><strong>suas</strong></span> <span class='ocrx_word' id='word_1_199' title='bbox 811 1910 928 1949; x_wconf 84' lang='lat' dir='ltr'><strong>partes</strong></span> <span class='ocrx_word' id='word_1_200' title='bbox 961 1910 1141 1940; x_wconf 82' lang='lat' dir='ltr'><strong>traxerant</strong></span> <span class='ocrx_word' id='word_1_201' title='bbox 1162 1905 1363 1948; x_wconf 81' lang='lat' dir='ltr'><strong>Romanos,</strong></span> <span class='ocrx_word' id='word_1_202' title='bbox 1402 1906 1460 1950; x_wconf 90' lang='lat' dir='ltr'><strong><em>qui</em></strong></span> <span class='ocrx_word' id='word_1_203' title='bbox 1494 1906 1563 1950; x_wconf 75' lang='lat' dir='ltr'><strong>ipsi</strong></span> <span class='ocrx_word' id='word_1_204' title='bbox 1598 1916 1678 1941; x_wconf 78' lang='lat' dir='ltr'><strong>suas</strong></span> 
     </span>
     <span class='ocr_line' id='line_1_27' title="bbox 221 1952 1680 1997; baseline 0 -10"><span class='ocrx_word' id='word_1_205' title='bbox 221 1952 309 1987; x_wconf 82' lang='lat' dir='ltr'><strong>beni</strong></span> <span class='ocrx_word' id='word_1_206' title='bbox 345 1957 466 1986; x_wconf 85' lang='lat' dir='ltr'><strong>contra</strong></span> <span class='ocrx_word' id='word_1_207' title='bbox 489 1952 695 1986; x_wconf 74' lang='lat' dir='ltr'><strong>Genuenses</strong></span> <span class='ocrx_word' id='word_1_208' title='bbox 722 1963 844 1986; x_wconf 79' lang='lat' dir='ltr'><strong>causas</strong></span> <span class='ocrx_word' id='word_1_209' title='bbox 880 1952 1074 1995; x_wconf 83' lang='lat' dir='ltr'><strong>habebant,</strong></span> <span class='ocrx_word' id='word_1_210' title='bbox 1114 1953 1206 1997; x_wconf 90' lang='lat' dir='ltr'><strong>quod</strong></span> <span class='ocrx_word' id='word_1_211' title='bbox 1238 1954 1275 1986; x_wconf 91' lang='lat' dir='ltr'><strong><em>in</em></strong></span> <span class='ocrx_word' id='word_1_212' title='bbox 1302 1953 1559 1997; x_wconf 74' lang='lat' dir='ltr'><strong>superioribus·</strong></span> <span class='ocrx_word' id='word_1_213' title='bbox 1577 1953 1680 1988; x_wconf 75' lang='lat' dir='ltr'><strong>libris</strong></span> 
     </span>
     <span class='ocr_line' id='line_1_28' title="bbox 222 1998 1678 2045; baseline 0 -11"><span class='ocrx_word' id='word_1_214' title='bbox 222 2009 477 2044; x_wconf 80' lang='lat' dir='ltr'><strong>saepenumero</strong></span> <span class='ocrx_word' id='word_1_215' title='bbox 500 1998 654 2042; x_wconf 84' lang='lat' dir='ltr'><strong>laudavi,</strong></span> <span class='ocrx_word' id='word_1_216' title='bbox 685 2005 720 2033; x_wconf 84' lang='lat' dir='ltr'><strong>et</strong></span> <span class='ocrx_word' id='word_1_217' title='bbox 739 1999 928 2034; x_wconf 85' lang='lat' dir='ltr'><strong>Catelanos</strong></span> <span class='ocrx_word' id='word_1_218' title='bbox 945 2001 1004 2044; x_wconf 87' lang='lat' dir='ltr'><strong><em>qui</em></strong></span> <span class='ocrx_word' id='word_1_219' title='bbox 1029 2001 1096 2044; x_wconf 86' lang='lat' dir='ltr'><strong>ipsi</strong></span> <span class='ocrx_word' id='word_1_220' title='bbox 1123 2010 1263 2045; x_wconf 90' lang='lat' dir='ltr'><strong>quoque</strong></span> <span class='ocrx_word' id='word_1_221' title='bbox 1279 2011 1359 2034; x_wconf 77' lang='lat' dir='ltr'><strong>suas</strong></span> <span class='ocrx_word' id='word_1_222' title='bbox 1386 2010 1509 2034; x_wconf 76' lang='lat' dir='ltr'><strong>causas</strong></span> <span class='ocrx_word' id='word_1_223' title='bbox 1533 1999 1622 2034; x_wconf 86' lang='lat' dir='ltr'><strong>belli</strong></span> <span class='ocrx_word' id='word_1_224' title='bbox 1642 2001 1678 2034; x_wconf 82' lang='lat' dir='ltr'><strong><em>in</em></strong></span> 
     </span>
     <span class='ocr_line' id='line_1_29' title="bbox 223 2047 1010 2090; baseline 0 -9"><span class='ocrx_word' id='word_1_225' title='bbox 223 2048 429 2082; x_wconf 83' lang='lat' dir='ltr'><strong>Genuenses</strong></span> <span class='ocrx_word' id='word_1_226' title='bbox 455 2047 631 2080; x_wconf 85' lang='lat' dir='ltr'><strong>habebant</strong></span> <span class='ocrx_word' id='word_1_227' title='bbox 657 2052 695 2080; x_wconf 90' lang='lat' dir='ltr'><strong>ut</strong></span> <span class='ocrx_word' id='word_1_228' title='bbox 720 2053 844 2090; x_wconf 88' lang='lat' dir='ltr'><strong>postea</strong></span> <span class='ocrx_word' id='word_1_229' title='bbox 870 2048 1010 2081; x_wconf 90' lang='lat' dir='ltr'><strong>dicitur.</strong></span> 
     </span>
    </p>
   </div>
   <div class='ocr_carea' id='block_1_5' title="bbox 202 2105 1678 2576">
    <p class='ocr_par' dir='ltr' id='par_1_7' title="bbox 202 2105 1678 2576">
     <span class='ocr_line' id='line_1_30' title="bbox 352 2105 1678 2151; baseline 0.001 -11"><span class='ocrx_word' id='word_1_230' title='bbox 352 2107 415 2140; x_wconf 82' lang='lat' dir='ltr'><strong><em>Est</em></strong></span> <span class='ocrx_word' id='word_1_231' title='bbox 454 2107 545 2139; x_wconf 87' lang='lat' dir='ltr'><strong>enim</strong></span> <span class='ocrx_word' id='word_1_232' title='bbox 582 2105 697 2139; x_wconf 87' lang='lat' dir='ltr'><strong>insula</strong></span> <span class='ocrx_word' id='word_1_233' title='bbox 731 2116 856 2150; x_wconf 81' lang='lat' dir='ltr'><strong>magna</strong></span> <span class='ocrx_word' id='word_1_234' title='bbox 889 2112 994 2151; x_wconf 79' lang='lat' dir='ltr'><strong>atque</strong></span> <span class='ocrx_word' id='word_1_235' title='bbox 1028 2106 1156 2140; x_wconf 79' lang='lat' dir='ltr'><strong>incolis</strong></span> <span class='ocrx_word' id='word_1_236' title='bbox 1195 2107 1361 2151; x_wconf 81' lang='lat' dir='ltr'><strong>frequens</strong></span> <span class='ocrx_word' id='word_1_237' title='bbox 1402 2117 1491 2150; x_wconf 91' lang='lat' dir='ltr'><strong>quae</strong></span> <span class='ocrx_word' id='word_1_238' title='bbox 1518 2107 1678 2141; x_wconf 84' lang='lat' dir='ltr'><strong>Sardinia</strong></span> 
     </span>
     <span class='ocr_line' id='line_1_31' title="bbox 222 2153 1677 2198; baseline 0.001 -12"><span class='ocrx_word' id='word_1_239' title='bbox 222 2153 422 2198; x_wconf 83' lang='lat' dir='ltr'><strong>appellatur</strong></span> <span class='ocrx_word' id='word_1_240' title='bbox 447 2154 489 2187; x_wconf 87' lang='lat' dir='ltr'><strong><em>ad</em></strong></span> <span class='ocrx_word' id='word_1_241' title='bbox 526 2163 621 2186; x_wconf 86' lang='lat' dir='ltr'><strong>mare</strong></span> <span class='ocrx_word' id='word_1_242' title='bbox 635 2153 866 2196; x_wconf 84' lang='lat' dir='ltr'><strong>Tyrrhenium</strong></span> <span class='ocrx_word' id='word_1_243' title='bbox 891 2155 973 2187; x_wconf 87' lang='lat' dir='ltr'><strong>situ.</strong></span> <span class='ocrx_word' id='word_1_244' title='bbox 1024 2154 1176 2187; x_wconf 86' lang='lat' dir='ltr'><strong>abundat</strong></span> <span class='ocrx_word' id='word_1_245' title='bbox 1200 2154 1375 2187; x_wconf 79' lang='lat' dir='ltr'><strong>montibus</strong></span> <span class='ocrx_word' id='word_1_246' title='bbox 1401 2153 1482 2187; x_wconf 80' lang='lat' dir='ltr'><strong>altis</strong></span> <span class='ocrx_word' id='word_1_247' title='bbox 1508 2159 1543 2187; x_wconf 87' lang='lat' dir='ltr'><strong>et</strong></span> <span class='ocrx_word' id='word_1_248' title='bbox 1569 2155 1677 2188; x_wconf 82' lang='lat' dir='ltr'><strong>variis</strong></span> 
     </span>
     <span class='ocr_line' id='line_1_32' title="bbox 222 2200 1677 2245; baseline 0.001 -11"><span class='ocrx_word' id='word_1_249' title='bbox 222 2201 340 2235; x_wconf 88' lang='lat' dir='ltr'><strong>fluviis</strong></span> <span class='ocrx_word' id='word_1_250' title='bbox 367 2200 525 2234; x_wconf 86' lang='lat' dir='ltr'><strong>alluitur.</strong></span> <span class='ocrx_word' id='word_1_251' title='bbox 575 2202 656 2245; x_wconf 85' lang='lat' dir='ltr'>pagi</span> <span class='ocrx_word' id='word_1_252' title='bbox 686 2206 720 2233; x_wconf 82' lang='lat' dir='ltr'><strong>et</strong></span> <span class='ocrx_word' id='word_1_253' title='bbox 746 2201 875 2244; x_wconf 88' lang='lat' dir='ltr'><strong>oppida</strong></span> <span class='ocrx_word' id='word_1_254' title='bbox 900 2211 1131 2245; x_wconf 89' lang='lat' dir='ltr'><strong>quaecunque</strong></span> <span class='ocrx_word' id='word_1_255' title='bbox 1157 2202 1270 2234; x_wconf 89' lang='lat' dir='ltr'><strong>media</strong></span> <span class='ocrx_word' id='word_1_256' title='bbox 1307 2207 1400 2234; x_wconf 90' lang='lat' dir='ltr'><strong>terra</strong></span> <span class='ocrx_word' id='word_1_257' title='bbox 1424 2206 1484 2234; x_wconf 85' lang='lat' dir='ltr'><strong>aut</strong></span> <span class='ocrx_word' id='word_1_258' title='bbox 1511 2201 1554 2234; x_wconf 82' lang='lat' dir='ltr'><strong><em>ad</em></strong></span> <span class='ocrx_word' id='word_1_259' title='bbox 1581 2211 1677 2235; x_wconf 84' lang='lat' dir='ltr'><strong>mare</strong></span> 
     </span>
     <span class='ocr_line' id='line_1_33' title="bbox 222 2248 1674 2292; baseline 0.001 -11"><span class='ocrx_word' id='word_1_260' title='bbox 222 2249 288 2282; x_wconf 79' lang='lat' dir='ltr'><strong>sita</strong></span> <span class='ocrx_word' id='word_1_261' title='bbox 322 2253 403 2282; x_wconf 84' lang='lat' dir='ltr'><strong>sunt</strong></span> <span class='ocrx_word' id='word_1_262' title='bbox 442 2250 572 2292; x_wconf 86' lang='lat' dir='ltr'><strong>optime</strong></span> <span class='ocrx_word' id='word_1_263' title='bbox 609 2249 812 2282; x_wconf 84' lang='lat' dir='ltr'><strong>constituta.</strong></span> <span class='ocrx_word' id='word_1_264' title='bbox 871 2258 955 2282; x_wconf 87' lang='lat' dir='ltr'><strong>orae</strong></span> <span class='ocrx_word' id='word_1_265' title='bbox 994 2254 1029 2282; x_wconf 89' lang='lat' dir='ltr'><strong>et</strong></span> <span class='ocrx_word' id='word_1_266' title='bbox 1053 2248 1150 2282; x_wconf 89' lang='lat' dir='ltr'><strong>lacus</strong></span> <span class='ocrx_word' id='word_1_267' title='bbox 1185 2254 1220 2282; x_wconf 79' lang='lat' dir='ltr'><strong>et</strong></span> <span class='ocrx_word' id='word_1_268' title='bbox 1253 2253 1373 2292; x_wconf 83' lang='lat' dir='ltr'><strong>portus</strong></span> <span class='ocrx_word' id='word_1_269' title='bbox 1411 2249 1674 2282; x_wconf 79' lang='lat' dir='ltr'><strong>circumiacent.</strong></span> 
     </span>
     <span class='ocr_line' id='line_1_34' title="bbox 222 2295 1676 2340; baseline -0.001 -12"><span class='ocrx_word' id='word_1_270' title='bbox 222 2296 298 2339; x_wconf 88' lang='lat' dir='ltr'><strong>ipsa</strong></span> <span class='ocrx_word' id='word_1_271' title='bbox 322 2306 387 2340; x_wconf 88' lang='lat' dir='ltr'><strong><em>per</em></strong></span> <span class='ocrx_word' id='word_1_272' title='bbox 412 2295 556 2340; x_wconf 84' lang='lat' dir='ltr'><strong>longum</strong></span> <span class='ocrx_word' id='word_1_273' title='bbox 582 2301 720 2340; x_wconf 81' lang='lat' dir='ltr'><strong>tempus</strong></span> <span class='ocrx_word' id='word_1_274' title='bbox 749 2306 768 2328; x_wconf 84' lang='lat' dir='ltr'><strong>a</strong></span> <span class='ocrx_word' id='word_1_275' title='bbox 794 2296 972 2330; x_wconf 80' lang='lat' dir='ltr'><strong>Catelanis</strong></span> <span class='ocrx_word' id='word_1_276' title='bbox 1001 2295 1186 2329; x_wconf 85' lang='lat' dir='ltr'><strong>tenebatur</strong></span> <span class='ocrx_word' id='word_1_277' title='bbox 1219 2301 1253 2328; x_wconf 92' lang='lat' dir='ltr'><strong>et</strong></span> <span class='ocrx_word' id='word_1_278' title='bbox 1276 2306 1370 2328; x_wconf 87' lang='lat' dir='ltr'><strong>nunc</strong></span> <span class='ocrx_word' id='word_1_279' title='bbox 1395 2305 1537 2339; x_wconf 86' lang='lat' dir='ltr'><strong>quoque</strong></span> <span class='ocrx_word' id='word_1_280' title='bbox 1561 2296 1676 2328; x_wconf 84' lang='lat' dir='ltr'><strong>maio-</strong></span> 
     </span>
     <span class='ocr_line' id='line_1_35' title="bbox 221 2342 1678 2387; baseline 0.001 -12"><span class='ocrx_word' id='word_1_281' title='bbox 221 2353 294 2376; x_wconf 87' lang='lat' dir='ltr'><strong><em>rem</em></strong></span> <span class='ocrx_word' id='word_1_282' title='bbox 324 2348 457 2386; x_wconf 84' lang='lat' dir='ltr'><strong>partem</strong></span> <span class='ocrx_word' id='word_1_283' title='bbox 483 2349 635 2377; x_wconf 85' lang='lat' dir='ltr'><strong>tenetur.</strong></span> <span class='ocrx_word' id='word_1_284' title='bbox 694 2342 800 2387; x_wconf 82' lang='lat' dir='ltr'><strong>paulo</strong></span> <span class='ocrx_word' id='word_1_285' title='bbox 827 2348 931 2376; x_wconf 86' lang='lat' dir='ltr'><strong>antea</strong></span> <span class='ocrx_word' id='word_1_286' title='bbox 958 2343 1137 2377; x_wconf 84' lang='lat' dir='ltr'><strong>fraudibus</strong></span> <span class='ocrx_word' id='word_1_287' title='bbox 1178 2342 1327 2376; x_wconf 84' lang='lat' dir='ltr'><strong>occultis</strong></span> <span class='ocrx_word' id='word_1_288' title='bbox 1357 2343 1426 2376; x_wconf 94' lang='lat' dir='ltr'><strong>duo</strong></span> <span class='ocrx_word' id='word_1_289' title='bbox 1454 2343 1503 2376; x_wconf 89' lang='lat' dir='ltr'><strong><em>ibi</em></strong></span> <span class='ocrx_word' id='word_1_290' title='bbox 1529 2342 1678 2376; x_wconf 80' lang='lat' dir='ltr'><strong>castella</strong></span> 
     </span>
     <span class='ocr_line' id='line_1_36' title="bbox 202 2388 1676 2435; baseline 0.001 -13"><span class='ocrx_word' id='word_1_291' title='bbox 202 2388 393 2434; x_wconf 60' lang='lat' dir='ltr'><strong>*ceperant</strong></span> <span class='ocrx_word' id='word_1_292' title='bbox 431 2390 663 2435; x_wconf 74' lang='lat' dir='ltr'><strong>Genuenses,</strong></span> <span class='ocrx_word' id='word_1_293' title='bbox 698 2395 884 2434; x_wconf 82' lang='lat' dir='ltr'><strong>antequam</strong></span> <span class='ocrx_word' id='word_1_294' title='bbox 919 2390 1059 2423; x_wconf 83' lang='lat' dir='ltr'><strong>incolae</strong></span> <span class='ocrx_word' id='word_1_295' title='bbox 1095 2391 1430 2424; x_wconf 80' lang='lat' dir='ltr'><strong>animadverterunt.</strong></span> <span class='ocrx_word' id='word_1_296' title='bbox 1497 2400 1587 2434; x_wconf 86' lang='lat' dir='ltr'><strong>quae</strong></span> <span class='ocrx_word' id='word_1_297' title='bbox 1618 2400 1676 2423; x_wconf 85' lang='lat' dir='ltr'><strong><em>res</em></strong></span> 
     </span>
     <span class='ocr_line' id='line_1_37' title="bbox 221 2437 1675 2483; baseline -0.001 -12"><span class='ocrx_word' id='word_1_298' title='bbox 221 2437 401 2472; x_wconf 79' lang='lat' dir='ltr'><strong>Catelanis</strong></span> <span class='ocrx_word' id='word_1_299' title='bbox 442 2439 585 2483; x_wconf 88' lang='lat' dir='ltr'><strong>cognita</strong></span> <span class='ocrx_word' id='word_1_300' title='bbox 616 2438 736 2483; x_wconf 82' lang='lat' dir='ltr'><strong>gravis</strong></span> <span class='ocrx_word' id='word_1_301' title='bbox 781 2443 878 2471; x_wconf 84' lang='lat' dir='ltr'><strong>certe</strong></span> <span class='ocrx_word' id='word_1_302' title='bbox 915 2448 983 2470; x_wconf 89' lang='lat' dir='ltr'><strong><em>nec</em></strong></span> <span class='ocrx_word' id='word_1_303' title='bbox 1021 2438 1167 2471; x_wconf 87' lang='lat' dir='ltr'><strong>ferenda</strong></span> <span class='ocrx_word' id='word_1_304' title='bbox 1203 2437 1345 2470; x_wconf 88' lang='lat' dir='ltr'><strong>omnino</strong></span> <span class='ocrx_word' id='word_1_305' title='bbox 1378 2438 1454 2470; x_wconf 81' lang='lat' dir='ltr'><strong>visa</strong></span> <span class='ocrx_word' id='word_1_306' title='bbox 1490 2443 1555 2470; x_wconf 81' lang='lat' dir='ltr'><strong>est.</strong></span> <span class='ocrx_word' id='word_1_307' title='bbox 1605 2447 1675 2482; x_wconf 93' lang='lat' dir='ltr'><strong>quo</strong></span> 
     </span>
     <span class='ocr_line' id='line_1_38' title="bbox 222 2483 1676 2529; baseline -0.001 -12"><span class='ocrx_word' id='word_1_308' title='bbox 222 2486 317 2518; x_wconf 80' lang='lat' dir='ltr'><strong>circa</strong></span> <span class='ocrx_word' id='word_1_309' title='bbox 350 2495 453 2529; x_wconf 91' lang='lat' dir='ltr'><strong>quum</strong></span> <span class='ocrx_word' id='word_1_310' title='bbox 488 2486 627 2519; x_wconf 83' lang='lat' dir='ltr'><strong>infestis</strong></span> <span class='ocrx_word' id='word_1_311' title='bbox 660 2495 744 2529; x_wconf 86' lang='lat' dir='ltr'><strong>erga</strong></span> <span class='ocrx_word' id='word_1_312' title='bbox 785 2485 869 2518; x_wconf 81' lang='lat' dir='ltr'><strong>illos</strong></span> <span class='ocrx_word' id='word_1_313' title='bbox 908 2485 1033 2522; x_wconf 79' lang='lat' dir='ltr'><strong>animis</strong></span> <span class='ocrx_word' id='word_1_314' title='bbox 1061 2489 1198 2526; x_wconf 83' lang='lat' dir='ltr'><strong>essent,</strong></span> <span class='ocrx_word' id='word_1_315' title='bbox 1232 2485 1267 2517; x_wconf 91' lang='lat' dir='ltr'><strong><em>in</em></strong></span> <span class='ocrx_word' id='word_1_316' title='bbox 1307 2484 1514 2517; x_wconf 80' lang='lat' dir='ltr'><strong>societatem</strong></span> <span class='ocrx_word' id='word_1_317' title='bbox 1548 2483 1676 2518; x_wconf 87' lang='lat' dir='ltr'><strong>Veneti</strong></span> 
     </span>
     <span class='ocr_line' id='line_1_39' title="bbox 220 2533 746 2576; baseline 0 -11"><span class='ocrx_word' id='word_1_318' title='bbox 220 2537 484 2576; x_wconf 76' lang='lat' dir='ltr'><strong>peropportune</strong></span> <span class='ocrx_word' id='word_1_319' title='bbox 512 2533 746 2566; x_wconf 83' lang='lat' dir='ltr'><strong>obvenerunt.</strong></span> 
     </span>
    </p>
   </div>
   <div class='ocr_carea' id='block_1_6' title="bbox 220 2589 1681 2780">
    <p class='ocr_par' dir='ltr' id='par_1_8' title="bbox 220 2589 1681 2780">
     <span class='ocr_line' id='line_1_40' title="bbox 353 2589 1675 2635; baseline 0.001 -12"><span class='ocrx_word' id='word_1_320' title='bbox 353 2589 538 2634; x_wconf 85' lang='lat' dir='ltr'><strong>Postquam</strong></span> <span class='ocrx_word' id='word_1_321' title='bbox 565 2596 603 2624; x_wconf 75' lang='lat' dir='ltr'><strong>ut</strong></span> <span class='ocrx_word' id='word_1_322' title='bbox 627 2592 694 2625; x_wconf 84' lang='lat' dir='ltr'><strong>iam</strong></span> <span class='ocrx_word' id='word_1_323' title='bbox 723 2590 795 2624; x_wconf 82' lang='lat' dir='ltr'><strong>dixi</strong></span> <span class='ocrx_word' id='word_1_324' title='bbox 817 2591 1048 2635; x_wconf 78' lang='lat' dir='ltr'><strong>quadraginta</strong></span> <span class='ocrx_word' id='word_1_325' title='bbox 1073 2590 1266 2623; x_wconf 76' lang='lat' dir='ltr'><strong>triremium</strong></span> <span class='ocrx_word' id='word_1_326' title='bbox 1293 2590 1395 2633; x_wconf 81' lang='lat' dir='ltr'><strong>copia</strong></span> <span class='ocrx_word' id='word_1_327' title='bbox 1421 2589 1584 2623; x_wconf 74' lang='lat' dir='ltr'><strong>confecta</strong></span> <span class='ocrx_word' id='word_1_328' title='bbox 1609 2595 1675 2632; x_wconf 78' lang='lat' dir='ltr'><strong>est,</strong></span> 
     </span>
     <span class='ocr_line' id='line_1_41' title="bbox 221 2637 1676 2682; baseline 0.001 -13"><span class='ocrx_word' id='word_1_329' title='bbox 221 2637 387 2681; x_wconf 83' lang='lat' dir='ltr'><strong>optimum</strong></span> <span class='ocrx_word' id='word_1_330' title='bbox 428 2638 500 2671; x_wconf 79' lang='lat' dir='ltr'><strong>illis</strong></span> <span class='ocrx_word' id='word_1_331' title='bbox 544 2639 655 2671; x_wconf 86' lang='lat' dir='ltr'><strong>visum</strong></span> <span class='ocrx_word' id='word_1_332' title='bbox 688 2643 761 2679; x_wconf 87' lang='lat' dir='ltr'><strong>est,</strong></span> <span class='ocrx_word' id='word_1_333' title='bbox 799 2639 912 2682; x_wconf 84' lang='lat' dir='ltr'><strong>copiis</strong></span> <span class='ocrx_word' id='word_1_334' title='bbox 942 2647 984 2671; x_wconf 86' lang='lat' dir='ltr'><strong>eo</strong></span> <span class='ocrx_word' id='word_1_335' title='bbox 1019 2638 1176 2671; x_wconf 76' lang='lat' dir='ltr'><strong>traiectis</strong></span> <span class='ocrx_word' id='word_1_336' title='bbox 1225 2638 1339 2670; x_wconf 84' lang='lat' dir='ltr'><strong>statim</strong></span> <span class='ocrx_word' id='word_1_337' title='bbox 1376 2647 1504 2680; x_wconf 84' lang='lat' dir='ltr'><strong>capere</strong></span> <span class='ocrx_word' id='word_1_338' title='bbox 1529 2637 1676 2671; x_wconf 74' lang='lat' dir='ltr'><strong>castella</strong></span> 
     </span>
     <span class='ocr_line' id='line_1_42' title="bbox 220 2684 1676 2728; baseline 0.001 -11"><span class='ocrx_word' id='word_1_339' title='bbox 220 2694 309 2728; x_wconf 90' lang='lat' dir='ltr'><strong>quae</strong></span> <span class='ocrx_word' id='word_1_340' title='bbox 338 2685 373 2717; x_wconf 89' lang='lat' dir='ltr'><strong><em>in</em></strong></span> <span class='ocrx_word' id='word_1_341' title='bbox 402 2684 560 2719; x_wconf 80' lang='lat' dir='ltr'><strong>Sardinia</strong></span> <span class='ocrx_word' id='word_1_342' title='bbox 585 2685 701 2718; x_wconf 88' lang='lat' dir='ltr'><strong>insula</strong></span> <span class='ocrx_word' id='word_1_343' title='bbox 726 2695 746 2718; x_wconf 91' lang='lat' dir='ltr'><strong>a</strong></span> <span class='ocrx_word' id='word_1_344' title='bbox 771 2685 1016 2719; x_wconf 78' lang='lat' dir='ltr'><strong>Genuensibus</strong></span> <span class='ocrx_word' id='word_1_345' title='bbox 1050 2690 1087 2718; x_wconf 89' lang='lat' dir='ltr'><strong>ut</strong></span> <span class='ocrx_word' id='word_1_346' title='bbox 1111 2685 1259 2718; x_wconf 88' lang='lat' dir='ltr'><strong>diximus</strong></span> <span class='ocrx_word' id='word_1_347' title='bbox 1286 2684 1522 2719; x_wconf 84' lang='lat' dir='ltr'><strong>violabantur.</strong></span> <span class='ocrx_word' id='word_1_348' title='bbox 1585 2694 1676 2728; x_wconf 80' lang='lat' dir='ltr'><strong>quae</strong></span> 
     </span>
     <span class='ocr_line' id='line_1_43' title="bbox 220 2732 1681 2780; baseline 0 -14"><span class='ocrx_word' id='word_1_349' title='bbox 220 2741 324 2780; x_wconf 83' lang='lat' dir='ltr'><strong>quum</strong></span> <span class='ocrx_word' id='word_1_350' title='bbox 349 2732 488 2777; x_wconf 84' lang='lat' dir='ltr'><strong>flerent,</strong></span> <span class='ocrx_word' id='word_1_351' title='bbox 515 2733 672 2780; x_wconf 88' lang='lat' dir='ltr'><strong>quinque</strong></span> <span class='ocrx_word' id='word_1_352' title='bbox 699 2738 734 2767; x_wconf 85' lang='lat' dir='ltr'><strong>et</strong></span> <span class='ocrx_word' id='word_1_353' title='bbox 758 2734 942 2778; x_wconf 79' lang='lat' dir='ltr'><strong>sexaginta</strong></span> <span class='ocrx_word' id='word_1_354' title='bbox 968 2732 1169 2767; x_wconf 84' lang='lat' dir='ltr'><strong>triremibus</strong></span> <span class='ocrx_word' id='word_1_355' title='bbox 1193 2732 1229 2766; x_wconf 88' lang='lat' dir='ltr'><strong><em>in</em></strong></span> <span class='ocrx_word' id='word_1_356' title='bbox 1254 2737 1359 2779; x_wconf 75' lang='lat' dir='ltr'><strong>portu</strong></span> <span class='ocrx_word' id='word_1_357' title='bbox 1389 2732 1581 2767; x_wconf 68' lang='lat' dir='ltr'><strong>domestico</strong></span> <span class='ocrx_word' id='word_1_358' title='bbox 1606 2740 1681 2780; x_wconf 79' lang='lat' dir='ltr'><strong><em>po-</em></strong></span> 
     </span>
    </p>
   </div>
  </div>
 </body>
</html>
