1826 3120
251 124 348 175 280
654 125 950 170 NIOEPHORI
991 125 1298 171 GREGORAE

245 247 370 282 στους
395 229 534 288 ὥσπερ
565 234 681 276 ἰδέαν
711 231 798 275 τινὰ
825 232 870 273 τὸ
913 231 1010 281 θεὸς
1038 227 1145 274 εἶναι
1174 234 1305 287 λέγεις
1345 227 1478 286 ὄνομα
1505 229 1705 280 ὤκιστον

245 301 319 342 καί
344 297 522 354 θεότητα
552 299 656 354 πρὸς
685 298 919 355 διαφόρους
949 299 1153 354 θεότητας
1181 298 1454 354 μεριζόμενον
1481 296 1701 355 α’πειράκις

243 365 427 420 οἷπείρως
476 365 776 420 ὑπερκειμένας
829 364 902 418 κατ’
940 364 1188 421 ὑφειμένοις,
1237 361 1377 420 ὥσπερ
1423 364 1486 408 τὰ
1511 365 1697 410 καθόλου

244 433 351 483 ζῶον
372 433 430 480 εἰς
454 431 638 487 διάφορα
656 431 727 486 τὴν
751 431 882 487 φύσιν
908 430 1013 488 εἴδη,
1043 431 1186 487 λογικά
1206 448 1250 474 τε
1279 432 1351 474 καί
1370 428 1515 488 ἄλογα,
1544 431 1700 489 ἔνυδρά

240 516 283 542 τε
312 498 384 540 καί
412 494 590 552 ἄνυδρα,
615 497 798 553 χερσαῖά
816 515 857 541 τε
877 501 949 541 καί
967 500 1154 554 αἰθέρια,
1183 500 1256 541 οὐκ
1276 498 1399 549 εἰδώς
1427 497 1486 542 ὅτι
1509 500 1554 543 τὸ
1586 503 1736 554 θεῖον5

241 564 403 608 ἁπλοῦν
431 560 479 606 ὂν
514 566 587 606 καί
613 561 837 617 ἀσώματον
867 565 1021 619 α’μερὲς
1052 567 1095 617 ἐξ
1127 566 1308 621 α’νάγκης
1348 567 1462 620 ε’στί,
1499 570 1573 610 καί
1602 568 1702 610 οὐδὲ

241 629 374 675 πολλοὶ
403 629 592 685 μογήσας
621 647 683 680 τις
715 633 851 682 δεῖξαι
882 633 1084 688 δυνηθείη
1111 627 1161 673 ἂν
1192 627 1279 675 οὔτ’
1311 634 1370 681 εἰς
1397 632 1442 676 τὸ
1474 634 1702 691 ὑφειμένον

242 690 333 739 οὔτ’
362 698 422 746 εἰς
451 697 495 739 τὸ
519 695 809 753 ὑπερκείμενον
837 699 1111 755 μεριζομένην
1138 698 1210 754 τὴν
1237 699 1367 754 μόνην
1395 702 1553 755 ἐκείνην
1582 695 1703 742 ἄκτι-

242 779 338 807 στον
368 767 440 806 καί
466 762 597 822 πάντῃ
628 765 856 817 α’μέριστον
887 767 1037 807 ου’σίαν
1065 782 1107 808 τε
1152 765 1224 808 καί
1251 764 1433 821 θεότητα
1454 768 1481 794 ·’
1521 762 1548 820 ἢ
1580 767 1626 810 τό
1656 782 1702 822 γε

245 830 447 884 δεύτερον
465 866 475 882 ,
504 833 668 873 πολλῶν
698 830 780 872 ὑπὸ
813 834 892 873 σοῦ
932 834 1220 886 δοξαζομένων
1257 835 1462 876 α’κτίστων
1488 834 1600 878 θεῶν
1630 826 1760 880 καίἰο

242 897 482 954 θεοτήτων,
512 899 585 940 ἕνα
616 901 697 940 τῶν
731 901 892 940 πολλῶν
921 896 1029 942 εἶναι
1068 901 1200 954 λέγεις
1244 901 1318 942 καί
1346 900 1418 941 τὸν
1451 900 1548 956 ἡμῖν
1576 901 1704 951 δοξα-

247 961 420 1015 ζόμενον
461 961 634 1019 ποιητήν
675 966 751 1006 τοῦ
795 965 960 1014 παντός.
1019 968 1101 1008 καί
1145 964 1258 1008 ἔστιν
1295 968 1456 1023 α’μφοῖν
1483 967 1702 1020 οὐδέτερον

243 1030 439 1083 α’σεβείας
472 1028 709 1085 ὑπερβολήν
738 1036 1011 1086 παραλεῖπον.

151 1104 222 1140 1⁸2
380 1097 526 1152 Τρίτον
547 1100 592 1140 δὲ
621 1096 683 1141 ὅτι
714 1098 787 1140 καί
811 1097 892 1147 τοῖς·
915 1103 1036 1148 θείας
1064 1097 1315 1151 ὑποστάσεις
1345 1101 1571 1149 οἷνουσιόυς
1597 1095 1703 1143 εἶναι

249 1162 436 1216 δοξάζων
464 1161 612 1217 ἑάλως,
641 1162 781 1221 ὥσπερ
814 1167 886 1207 καί
918 1165 1114 1216 πολλάκις
1151 1163 1231 1223 ἤδη
1263 1168 1479 1223 πρότερον,
1506 1167 1561 1216 ὥς
1590 1168 1704 1221 γίνε-
1718 1176 1760 1211 15

240 1233 351 1274 aaa(
373 1247 438 1274 σοι
483 1229 560 1281 τάς
598 1231 851 1282 ὑποστάσεις
892 1233 1222 1282 ἀνυποστάτους.
1304 1233 1350 1276 τὸ
1385 1232 1465 1289 γάρ
1506 1233 1704 1276 α’νούσιον

241 1297 547 1341 ἀνυπόστατον·
606 1298 678 1340 κατ’
707 1295 852 1340 λοιπὸν
884 1297 940 1348 ὥς
983 1296 1082 1342 ὅταν
1121 1303 1194 1342 καί
1231 1300 1307 1351 τοὶς
1343 1301 1565 1348 α’νουσιόυς
1596 1302 1703 1342 ἑκεί-

242 1381 315 1414 νας
362 1365 562 1421 θεότητας
605 1369 664 1415 εἰς
715 1361 887 1421 ἔπειρον
931 1366 1118 1421 ἀριθμὸν
1159 1367 1372 1423 θεοτήτων
1422 1371 1705 1424 παραπέμπῃς

240 1431 465 1484 α’κτίστων,
517 1433 773 1482 ὑποστάσεις
822 1429 928 1475 εἶναι
973 1436 1045 1477 καί
1082 1436 1241 1484 ταύτας
1289 1433 1500 1486 δοξάζεις”
1572 1437 1642 1476 καί
1684 1430 1705 1476 ὃ

240 1499 438 1548 πολλάκις
468 1498 602 1551 ἑάλως
632 1500 832 1557 γράφων,
881 1501 938 1556 μή
971 1499 1302 1556 τρισυπόστατον
1331 1498 1442 1544 εἶναι
1470 1501 1598 1556 μόνον
1630 1500 1762 1556 τὴν20

238 1568 363 1608 θείαν
409 1565 536 1623 φύσιν
566 1567 673 1610 α’λλὰ
703 1567 775 1610 καί
803 1568 1176 1623 πολυυπόστατον,
1204 1572 1328 1611 τοῦτο
1370 1569 1589 1612 κάνταῦθα
1632 1583 1703 1610 τε-

240 1785 391 1819 deitates
415 1785 591 1819 increatas
633 1790 796 1829 tanquam
835 1796 948 1830 genus
984 1787 1155 1831 quoddam
1181 1788 1365 1822 contendis
1401 1788 1503 1822 deum
1529 1798 1702 1822 esse-no-

240 1843 321 1866 men
351 1833 546 1866 increatum
575 1838 610 1865 et
635 1833 877 1876 divinitatem,
906 1833 1057 1867 divisum
1083 1835 1284 1868 sexcenties
1321 1836 1357 1868 in
1383 1835 1541 1869 diversas
1567 1836 1702 1869 divini..

239 1884 330 1913 tates
355 1880 537 1923 impositas
568 1885 603 1912 et
624 1879 838 1921 submissas,
876 1880 976 1914 velut
1015 1881 1143 1915 animal
1178 1883 1214 1915 in
1252 1883 1455 1916 universum
1481 1883 1517 1915 in
1543 1883 1702 1916 diversas

241 1927 333 1972 quod
360 1926 401 1959 ad
419 1932 577 1960 naturam
604 1927 730 1960 attinet
755 1927 909 1970 species,
930 1928 1096 1962 animalia
1119 1929 1282 1962 nimirum
1311 1930 1451 1962 ratione
1485 1930 1642 1973 praedita
1668 1934 1703 1963 et

241 1974 422 2016 destituta,
451 1975 485 2007 iu
510 1984 600 2018 aqua
630 1974 790 2007 viventia
820 1979 854 2007 et
882 1985 1047 2019 aquarum
1074 1977 1258 2020 expertia,
1285 1977 1467 2009 terrestria
1497 1981 1532 2009 et
1557 1977 1592 2009 in
1618 1980 1702 2010 aere

238 2021 423 2055 viventia:
451 2021 633 2065 ignorans,
658 2031 787 2054 numen
814 2022 982 2059 divinum,
1012 2024 1094 2067 quia
1119 2023 1269 2066 simplex
1297 2028 1350 2056 est
1376 2028 1411 2056 et
1436 2024 1700 2066 incorporeum,

237 2070 442 2102 necessario
491 2078 569 2101 esse
604 2068 846 2110 individuum,
882 2079 999 2113 neque
1035 2071 1072 2102 in
1105 2070 1323 2114 suppositum
1348 2080 1465 2114 neque
1490 2070 1526 2107 in
1552 2071 1702 2114 imposi-

238 2120 309 2148 tum
341 2115 453 2148 dividi
481 2114 591 2148 solam
619 2115 715 2148 illam
744 2116 936 2149 increatam
973 2122 1007 2150 et
1032 2119 1174 2150 omnino
1210 2117 1425 2150 individuam
1452 2118 1640 2150 essentiam
1667 2122 1702 2150 et

237 2163 471 2204 divinitatem,
499 2163 645 2196 multum
673 2162 888 2196 elaborando
915 2165 1097 2208 quisquam
1124 2165 1365 2197 demonstrare
1404 2164 1539 2207 possit:
1565 2169 1638 2205 aut,
1666 2164 1700 2197 id

238 2210 330 2254 quod
360 2209 507 2242 alterum
554 2214 628 2250 est,
672 2220 749 2242 cum
799 2210 928 2244 multos
965 2211 1090 2244 credas
1129 2211 1305 2245 increatus
1343 2210 1429 2256 deos
1469 2216 1503 2244 et
1536 2211 1699 2252 deitates,

237 2267 343 2290 unum
384 2266 427 2289 ex
463 2256 517 2290 his
549 2255 668 2289 multis
710 2267 789 2290 esse
833 2258 1018 2291 contendis
1056 2259 1159 2291 etiam
1192 2258 1317 2299 illum,
1346 2258 1406 2302 qui
1442 2257 1545 2291 nobis
1581 2257 1700 2291 credi..

238 2309 294 2337 tur
319 2303 436 2336 muudi
462 2303 623 2336 universi
659 2309 818 2345 creator,
846 2314 993 2348 quorum
1020 2310 1182 2338 neutrum
1215 2304 1360 2338 multum
1396 2304 1496 2338 abest
1519 2315 1539 2337 a
1567 2315 1699 2338 summa

240 2351 439 2394 impietate.
1461 2355 1463 2357 ’

373 2414 489 2447 Tertio
522 2413 603 2447 loco
630 2414 874 2458 deprehensus
902 2425 938 2448 es
966 2403 1113 2459 opinans
1140 2415 1351 2449 substantias
1379 2415 1518 2448 divinas
1546 2417 1700 2449 essentia

241 2470 377 2502 carere,
408 2466 447 2494 ut
472 2462 576 2494 etiam
602 2471 860 2505 saepenumero
897 2463 963 2495 iam
1002 2468 1124 2503 antea,
1158 2463 1207 2496 ita
1242 2468 1279 2495 ut
1305 2462 1523 2496 substantiae
1549 2462 1612 2495 tibi
1641 2463 1700 2496 vi-

243 2508 389 2541 deantur
420 2518 491 2541 non
526 2507 699 2542 substare.
759 2510 851 2553 quod
891 2510 983 2542 enim
1012 2510 1164 2543 essentia
1204 2515 1325 2550 caret,
1351 2509 1569 2542 substantiae
1597 2510 1699 2542 etiam

247 2560 300 2587 est
331 2565 472 2598 expers,
501 2560 536 2588 et
559 2556 732 2599 sequitur,
758 2561 808 2597 ut,
836 2556 865 2588 si
894 2556 975 2589 illas
994 2566 1135 2600 quoque
1161 2556 1364 2591 divinitates
1392 2557 1546 2589 essentia
1572 2566 1700 2589 caren-

248 2607 302 2635 tes
331 2602 367 2635 in
393 2612 577 2635 numerum
604 2603 776 2636 infinitum
803 2603 1022 2637 divinitatum
1053 2604 1285 2637 increatarum
1311 2603 1460 2644 dividas,
1488 2603 1700 2637 substantias

252 2648 374 2681 eodem
400 2649 502 2682 modo
535 2659 613 2683 esse
639 2651 769 2683 divisas
797 2651 977 2693 opineris:
1005 2655 1039 2683 et
1064 2650 1154 2694 quod
1181 2661 1288 2694 saepe
1313 2649 1472 2683 scribens
1498 2650 1700 2694 deprehen-

258 2705 316 2728 sus
343 2706 393 2738 es,
419 2705 489 2728 non
516 2695 628 2730 solum
666 2697 769 2730 trium
806 2697 1073 2732 substantiarum
1115 2707 1194 2733 esse
1233 2703 1389 2733 naturam
1422 2697 1595 2742 divinam,
1639 2697 1700 2733 sed
