1826 3120
214 677 287 711 ὅθ

121 1666 145 1702 f.
165 1666 231 1704 138
247 1680 279 1706 a.

310 150 403 202 1¹72
658 194 662 198 .
729 158 1024 205 Nlcsspnom
1071 156 1377 202 GREGORAE

303 285 348 311 τε
380 267 492 320 δεξιὰ
539 271 612 312 καί
654 267 853 324 ἀριστερὰ
883 270 958 310 τοῦ
992 269 1190 318 Εὐξείνου
1238 265 1563 320 διανειμάμεναι
1593 266 1759 311 Πόντου

304 335 477 388 πλευρά,
512 333 631 385 ὅσαις
660 333 711 377 (ἲν
743 335 955 389 ἐντύχοιεν
993 335 1120 375 ναυσί
1148 335 1473 384 Γεννοι·ὶ’τικαῖς,
1502 334 1763 390 ἐνεπίμπρα-

303 402 383 444 σοίν
413 419 457 444 τε
482 405 558 445 καί
585 401 734 456 βὺθοις
758 405 1032 456 παρεπέμπον
1063 401 1335 450 διαποντιόις.
1369 413 1376 419 ’

439 471 529 511 Καὶ
565 472 695 511 ταῦτα
735 471 814 521 μὲν
863 470 961 525 τῇδέ
993 486 1047 526 πῃ
1092 466 1189 521 ἔσχε
1242 469 1315 509 καί
1355 467 1378 509 o‘
1421 470 1494 522 τῆς
1532 465 1763 531 διηγήσεως

299 536 593 593 Ἀγαθαγγέλῳ
631 534 799 590 δρόμος.
873 537 1058 577 ἐνταῦθα
1101 536 1362 589 ὲπεραινετο·
1441 533 1516 576 καί
1552 533 1597 578 τὸ
1636 537 1762 590 θέρος

301 598 422 656 ἔληγε
453 604 680 656 τηνικαῦτα
711 602 784 644 καί
808 601 1017 644 ἐτελεύτα.
1408 611 1412 613 “
1602 615 1609 621 ·

429 667 528 722 Ἐγώ
572 669 616 710 δὲ
646 667 871 721 ὑπολαβών
897 664 961 710 “03
991 671 1090 711 καλὲ
1127 669 1434 723 Ἀγαθάγγελε”
1475 667 1608 726 ἔφην,
1639 665 1760 724 “egea

300 750 367 776 σοι
399 735 567 776 ἀπιέναι
607 730 685 790 ἤδη
726 734 822 790 πρὶν
853 734 929 790 τὴν
976 737 1179 777 ἐπιοῦσαν
1221 735 1340 790 ἧλιόυ
1372 735 1494 791 φλόγ’
1533 736 1759 790 οἷνασχεΐν·

300 799 514 855 προύργου
549 799 630 855 γὰρ
666 806 752 851 τοῖς
781 803 896 854 ἐμοῖς
924 797 1034 843 εἶναι
1063 803 1260 851 διωκταις
1297 802 1524 856 συμβαίνει
1564 799 1634 844 διὰ
1667 817 1762 844 τετ-

298 868 438 922 τάρων
483 864 509 922 ἢ
547 870 674 922 τριῶν
703 883 748 921 γε
792 868 894 916 ἴσως
927 868 1092 922 ἡμερῶν
1131 867 1200 910 τὸν
1237 868 1339 921 ἐμὸν
1373 870 1540 910 τουτονί
1567 871 1793 923 nepaes-1

298 949 449 988 χουσιν
476 931 586 976 οἶκον
616 931 948 990 ῥινηλατούντων
978 936 1094 989 δίκην
1121 935 1361 989 α’κροοῖσθαι
1394 935 1544 987 κυνῶν,
1564 934 1644 977 ,καί
1668 937 1761 984 δέος

296 998 355 1055 μὴ
387 1001 654 1053 αἰσθομένων
687 1004 831 1056 φωνῆς
860 1000 970 1049 τινὸς
1013 999 1185 1043 ἔνδοθεν
1222 1000 1366 1056 ἴχνους
1395 999 1471 1057 τήν
1503 1000 1633 1057 αὐτήν
1663 1001 1762 1056 ἡμῖν

299 1065 406 1125 ἁλῷς
438 1064 628 1109 θανάτου
661 1069 777 1123 δι’κην
806 1063 955 1124 ἔφλων,ι
980 1070 1052 1110 καί
1081 1069 1220 1118 atsteig.
1293 1064 1419 1110 ἄπιθι
1449 1070 1604 1124 τοίνυν,-
1637 1068 1691 1110 τοὶ
1723 1069 1760 1110 δ’

298 1134 482 1189 ἡμέτερα
517 1130 613 1175 ὅποι
639 1135 814 1176 ,κελεύοι
864 1134 964 1184 θεὸς
1009 1134 1109 1178 ἴτω·
1182 1133 1318 1178 πάντα
1358 1134 1440 1190 γὰρ
1481 1138 1557 1191 τῆς
1601 1138 1760 1179 ἐκείνου

295 1201 436 1255 χειρὸς
482 1203 554 1244 καί
582 1203 779 1256 προνοίας
817 1203 1003 1257 ἐξῆπται.
1077 1199 1202 1245 οἶσθα
1252 1204 1290 1245 δ’
1334 1203 1390 1252 ὥς
1430 1201 1552 1258 ἐγγύς
1582 1219 1664 1245 που
1692 1202 1763 1245 καί

299 1265 431 1321 μόνον
461 1269 513 1310 ου’
541 1267 620 1324 πρὸ
650 1271 797 1324 θυρῶν
828 1269 900 1311 καί
931 1269 954 1324 ἧ
985 1266 1226 1319 τοῦπιόντος
1257 1268 1377 1320 ἔτους
1407 1263 1536 1326 ἀρχή,
1568 1272 1611 1312 ἐν
1638 1263 1662 1328 ᾗ
1691 1271 1762 1312 καί

297 1335 439 1389 χρεών
466 1337 623 1378 εἰδέναι
651 1352 698 1378 σε
727 1338 967 1389 εἰθισμένον
989 1342 1076 1385 τοῖς
1105 1333 1307 1392 ἄρχουσιν
1336 1333 1444 1378 εἶναι
1475 1336 1760 1386 διαλεκτικούς

298 1418 410 1451 τινας
443 1397 600 1457 ἄνδρας
635 1405 678 1444 ἐκ
713 1401 915 1457 περιόδου
947 1405 1205 1459 προπέμπειν
1246 1404 1372 1459 ἡμῖν,
1409 1403 1578 1453 ὁποίους
1607 1406 1652 1446 ἐκ
1681 1407 1760 1444 λα-

297 1467 430 1523 τιῖπης
458 1468 530 1510 καί
557 1472 746 1524 θυμέλης
768 1470 839 1512 καί
864 1473 1071 1525 συρίγγων
1088 1472 1158 1513 καί
1187 1472 1264 1513 τοῦ
1290 1471 1492 1524 κόρδακος
1521 1470 1760 1525 λαμβάνον-

295 1550 361 1584 τες
393 1534 615 1588 θεολόγους
647 1535 745 1590 ἡμῖν
776 1536 1091 1592 αὖθημερινοὺς
1117 1536 1241 1579 αὐτοὶ
1269 1536 1582 1591 σχεδιάζουσιν,
1614 1532 1791 1592 ὥσπερρ

296 1598 335 1642 οἱ
371 1603 502 1654 μῦθοι
538 1599 667 1643 πάλαι
709 1601 807 1652 τοὺς
846 1605 1067 1658 γίγαντας·
1141 1605 1195 1645 δι’
1246 1597 1306 1645 ὧν
1351 1601 1528 1657 ἐλλοχᾶν
1565 1601 1676 1658 ἡμᾶς
1705 1602 1758 1643 οιῗ

297 1666 408 1722 napa*
443 1671 606 1724 φαῦλον
637 1672 851 1712 ποιοῦνται
886 1669 954 1712 aaa*
989 1672 1150 1713 πολλῶν
1169 1686 1211 1713 τε
1238 1673 1311 1712 καί
1342 1669 1605 1725 πολλαχόθεν
1625 1671 1657 1695 ‘⁴
1686 1667 1759 1717 καί

390 1802 424 1836 8.
460 1804 647 1852 ἐκπεμπτι
673 1805 789 1842 παλιν
810 1802 1097 1853 Ἀγαθᾶγγελὸν
1125 1805 1145 1841 o‘
1171 1806 1380 1853 Γραγορᾶς.

297 1917 485 1952 celerrime
509 1928 678 1954 reversae
705 1925 786 1953 sunt
811 1931 875 1964 per
899 1920 1045 1954 Pontum
1065 1920 1237 1954 Euxinum
1263 1921 1484 1954 dextrorsum
1510 1924 1545 1953 et
1569 1919 1754 1953 sinistror-

296 1975 370 1998 sum
394 1966 605 2010 navigantes
644 1967 703 2001 ubi
732 1968 969 2002 Genuensium
999 1970 1110 2002 naves
1152 1967 1374 2002 offenderunt
1407 1972 1442 2000 et
1466 1966 1687 2001 incluserunt
1720 1971 1755 2000 et

296 2013 331 2044 in
357 2023 452 2046 mare
478 2014 688 2056 profundum
715 2015 991 2049 submerserunt.

428 2076 523 2110 llaec
549 2077 659 2122 igitur
683 2079 734 2112 ita
753 2090 792 2113 se
820 2078 1007 2112 habebant.
1058 2081 1125 2112 iam
1139 2077 1378 2122 Agathangeli
1404 2077 1558 2111 narratio
1584 2077 1626 2110 ad
1650 2077 1754 2110 finem

295 2130 521 2167 pervenerat.
574 2135 688 2170 eoque
714 2131 875 2170 tempore
901 2132 1015 2160 aestas
1045 2127 1148 2160 finem
1175 2126 1271 2169 cepit
1298 2131 1332 2158 et
1357 2125 1474 2158 desiit.

427 2188 504 2232 Ego
538 2199 625 2222 vero
663 2191 903 2234 respondens,
940 2191 1022 2224 vide
1055 2191 1265 2224 amicissime
1300 2187 1548 2233 Agathangele
1584 2193 1623 2221 ιιι
1647 2188 1753 2221 abeas

294 2238 480 2278 antequam
509 2235 596 2269 solis
621 2237 684 2270 lux
709 2238 854 2271 oriatur.
904 2249 983 2271 nam
1008 2237 1297 2282 persecutoribus
1314 2237 1402 2270 meis
1430 2237 1489 2280 qui
1516 2240 1666 2280 quatuor
1692 2234 1752 2269 vel

297 2280 409 2315 tribus
437 2288 534 2316 certo
561 2284 684 2318 diebus
725 2286 861 2318 domum
890 2285 979 2318 hanc
1015 2286 1290 2319 circumcursant
1321 2292 1491 2327 prospere
1525 2282 1678 2328 obtingit
1715 2287 1754 2315 ut

293 2329 537 2363 auscultentur
562 2336 725 2376 tanquam
754 2343 859 2366 canes
886 2334 927 2366 ad
964 2332 1248 2377 investigandum
1274 2330 1506 2374 sagacissimi,
1530 2335 1564 2363 et
1587 2335 1753 2363 metuen-

293 2376 371 2408 dum
401 2382 455 2410 est
480 2388 584 2422 quum
622 2389 746 2413 vocem
771 2381 864 2414 intus
891 2380 1043 2424 aliquam
1081 2379 1309 2423 perceperint
1340 2389 1386 2412 ne
1410 2376 1501 2410 idern
1526 2387 1661 2410 mecum
1687 2376 1751 2409 tibi

293 2432 435 2467 quoque
459 2426 582 2459 mortis
611 2427 824 2471 supplicium
850 2427 1049 2461 contrahas.
1100 2426 1204 2460 abeas
1230 2427 1351 2470 igitur,
1377 2425 1503 2457 cedant
1527 2435 1584 2458 res
1609 2428 1752 2457 nostrae

293 2479 362 2513 quo
390 2471 475 2504 deus
503 2472 613 2514 ferat3
640 2480 765 2508 cuncta
793 2475 884 2508 enim
911 2475 954 2507 ab
986 2474 1084 2507 illius
1113 2473 1248 2507 auxilio
1277 2477 1311 2506 et
1336 2471 1750 2515 providentiapendent.

292 2517 362 2550 scis
390 2524 506 2551 autem
533 2530 633 2563 quam
661 2523 894 2566 propinquum
922 2523 967 2555 sit
997 2527 1031 2554 et
1072 2531 1186 2564 paene
1218 2520 1260 2553 ad
1286 2520 1407 2552 ianuas
1435 2517 1751 2563 appropinquantis

292 2565 373 2597 anni
399 2565 559 2608 initium,
586 2578 654 2612 quo
678 2569 771 2612 quod
796 2569 889 2602 scire
913 2574 947 2602 te
974 2574 1115 2612 oportet
1140 2568 1317 2611 principes
1343 2566 1461 2600 solent
1490 2566 1612 2599 doctos
1638 2574 1751 2609 quos-

292 2611 367 2644 dam
394 2612 553 2647 homines
581 2616 685 2649 certis
721 2615 936 2660 temporibus
971 2616 1013 2648 ad
1049 2625 1114 2648 nos
1156 2616 1323 2655 mittere,
1363 2623 1450 2658 quos
1479 2623 1498 2646 e
1523 2613 1690 2646 ramentis
1717 2615 1752 2643 et

292 2668 400 2692 scena
427 2665 462 2692 et
488 2661 663 2695 cuniculis
691 2668 726 2696 et
755 2663 904 2696 cordace
947 2668 1118 2696 assumtos
1146 2660 1334 2704 theologos
1373 2660 1476 2694 nobis
1502 2659 1659 2704 quotidie
1682 2657 1751 2701 ipsi

295 2705 473 2740 fabricant
499 2714 539 2741 ut
565 2710 601 2742 in
628 2709 755 2743 fabulis
777 2711 956 2754 GiganteS.
983 2720 1047 2753 per
1073 2718 1160 2753 quos
1186 2709 1329 2741 insidias
1354 2708 1457 2742 nobis
1486 2713 1623 2741 struere
1648 2710 1751 2747 turpe

294 2761 365 2790 non
395 2754 602 2790 existimant
624 2756 745 2792 multis
786 2757 966 2803 variisque
991 2757 1123 2798 modis,
1161 2756 1208 2795 ita
1234 2760 1271 2789 ut
1296 2761 1355 2789 aut
1381 2754 1536 2788 fraudem
1563 2753 1692 2788 saciant
1717 2757 1752 2786 et
