1852 3138
311 148 610 199 uis-roma
641 149 990 194 ΒῩΖΛΝΉΝΑΕ
1013 150 1156 195 xxxi.
1186 139 1437 194 36—38.
1519 145 1616 194 373
1679 136 1682 139 ’

142 259 310 303 κᾶκεῖνο
339 262 397 319 τῷ
423 260 577 316 ἐφεξῆς
596 291 608 313 ,
649 258 723 301 καὶ
749 258 819 301 dui
850 258 1019 301 πάντων
1059 259 1083 315 ἦ
1115 260 1190 313 τῆς
1222 256 1481 308 α’κολουθίας
1506 254 1617 300 ταύ-

143 342 218 382 της
245 324 382 382 πλάνη
417 323 770 383 διενεχθήσεται,
800 329 875 382 τῆς
919 326 1085 381 πρώτης
1121 321 1286 380 ἇπᾰτης
1316 323 1384 367 διὰ
1418 326 1503 367 τῶν
1533 341 1618 366 πα-

144 397 405 448 ρακειμένων
431 397 565 453 μέχρι
596 397 680 437 τῶν
706 392 901 448 ἐσχάτων
927 390 1189 449 διεξιούσης·
1260 388 1352 436 εἶτα
1382 391 1440 440 ὥς
1474 387 1527 434 ἄν
1554 389 1615 446 μὴ

142 463 282 516 τοῦτο,
312 464 433 518 φησί,
460 461 668 516 πάθοιμεν
698 461 771 504 καί
797 461 919 517 ἡμεῖς
950 460 989 503 οἱ
1028 461 1134 515 πρὸς
1174 458 1249 516 τήν
1278 458 1486 516 α’ληθινὴν
1515 454 1617 502 ³⁶0·-
1631 463 1658 498 ἰ.
1677 462 1790 499 176v.

108 539 246 586 5τητα
270 529 442 584 βλέπειν
470 529 586 584 παρα
613 531 683 584 τῆς
713 531 885 585 γραφῆς
911 526 1233 583 διδασκόμενοι,
1265 529 1348 569 πᾶν
1376 527 1420 570 τὸ
1452 525 1618 570 κτιστόν

141 593 225 648 ἔξω
253 598 326 651 τῆς
361 597 484 646 θείας
532 595 705 653 φύσεως
751 601 860 639 νοεῖν
903 594 1249 651 ἐπαιδεύθημεν,
1293 596 1427 651 μόνην
1466 596 1513 637 δὲ
1541 594 1619 648 τῆν

144 658 344 706 ἇκτιστον
390 663 522 720 φύσιν
560 663 780 718 λατρεύειν
807 679 852 705 τε
883 665 955 704 καί
982 661 1243 716 σεβάζεσθαι
1263 695 1275 714 ,
1319 654 1368 718 ἦς
1396 659 1616 724 χαρακτήρ

142 732 234 773 ἐστι
263 731 336 773 καί
373 729 592 788 γνώρισμα
632 731 679 773 τὸ
719 731 823 786 μήτε
856 726 1071 785 ἄρχεσθαι
1114 732 1190 772 τοῦ
1234 726 1350 773 εἶναι’
1390 744 1487 772 ποτε
1513 726 1619 784 μήτε

141 796 373 841 παύεσθαι.

48 879 52 883 ·
87 879 131 915 10
267 863 396 925 Ὁρᾷς
422 863 467 908 τὸ
500 866 582 909 τῶν
611 856 798 921 πατρίων
833 867 1007 917 θεσμῶν
1043 865 1114 907 καί
1144 864 1311 922 ῥήσεων
1340 865 1705 921 α’ναμφισβή-ΒΒ

144 929 271 988 τητόν
299 948 342 975 τε
366 934 440 976 καί
469 934 826 988 δυσαντίβλεπτον
852 931 961 987 μετὰ
995 931 1132 988 πάσης
1163 933 1396 987 εὕκρινειάς
1428 929 1520 986 ἅμα
1549 932 1623 974 καὶ

143 999 440 1057 καθαρότητος
470 998 639 1057 προϊὸνς
666 999 801 1056 μόνην
827 1000 908 1056 γὰρ
941 999 1017 1056 τήν
1054 1003 1176 1042 θείαν
1208 999 1360 1042 ου’σίαν
1388 1002 1461 1043 καί
1488 997 1621 1056 φύσιν

144 1065 365 1120 λατρεύειν
392 1083 437 1110 τε
485 1067 559 1110 καί
593 1070 799 1123 σέβεσθαι
838 1072 1066 1122 παραινεῖ·
1138 1063 1163 1108 ἃ
1195 1067 1234 1109 δ’
1265 1064 1449 1109 α’νούσιά.
1473 1082 1517 1110 τε
1549 1069 1622 1119 καί

144 1131 278 1177 πολλοὶ
321 1134 395 1178 καί
435 1138 511 1191 τῆς
539 1138 659 1186 θείας
701 1134 872 1193 φύσεως
901 1135 1043 1185 ἐκτὸς,
1087 1132 1248 1177 τούτων
1292 1135 1417 1177 οὐδὲν
1449 1134 1621 1193 οὐδαμῇ

87 1202 246 1256 15μὴτε
275 1209 527 1258 προσκυνεῖν
557 1204 662 1259 μήτε
691 1206 910 1259 σέβεσθαι.
978 1204 1158 1256 πολέμια
1195 1201 1276 1257 γὰρ
1312 1202 1509 1257 ἀλλήλοις
1547 1205 1622 1244 καί

144 1267 256 1312 πάνυ
301 1271 530 1326 μαχόμενα
576 1274 635 1329 τῷ
677 1287 720 1314 τε
764 1268 881 1330 μόνῳ
917 1269 968 1313 τοὶ
1015 1268 1147 1312 πολλά
1195 1268 1268 1311 καί
1306 1272 1356 1327 τῇ
1399 1269 1524 1328 οὐσίᾳ
1569 1269 1619 1312 τὰ

142 1334 339 1381 drudam.
398 1340 517 1382 δυοῖν
548 1339 628 1395 γὰρ
663 1337 823 1394 ἀνάγκη
866 1337 1133 1393 περιπίπτειν
1162 1340 1343 1397 θατέρᾳ,
1393 1333 1420 1393 ἢ
1463 1340 1513 1395 τῇ
1539 1339 1621 1380 τῶν

143 1405 308 1459 α’σεβῶν
341 1402 468 1466 ἆθεῖζι
512 1403 538 1462 ἦ
564 1406 638 1450 καί
664 1409 717 1463 τῇ
758 1409 831 1471 τῆς
854 1404 1061 1461 Ἑλλήνων
1087 1407 1323 1456 πολυθεΐας
1363 1406 1621 1462 α’σεβεστέρᾳ

142 1475 283 1532 κακίᾳ,
311 1472 470 1526 μεταξύ
517 1478 711 1529 κειμένην
751 1475 1094 1529 παρατρέχοντας
1132 1470 1207 1527 τήν
1251 1474 1485 1527 εὐσέβειαν.
1561 1472 1619 1521 ὥς

84 1537 218 1590 κοκαί
258 1542 383 1582 τοῦτο
420 1542 621 1591 πολλάκις
663 1539 764 1598 ἡμῖν
809 1537 1007 1594 ἀνωτέρω
1054 1544 1125 1583 καὶ
1169 1542 1354 1596 διαρκοῦς
1390 1541 1619 1583 ἀποδέδει-

143 1622 256 1660 κται,
284 1606 360 1663 τὴν
391 1609 471 1662 μὲν
499 1609 581 1651 τῶν
607 1607 814 1663 Ἑλλήνων
834 1609 994 1663 δηλαδὴ
1022 1609 1256 1650 πολυθεΐαν
1283 1605 1452 1663 βραχύν
1470 1623 1514 1649 τε
1547 1609 1620 1650 καί

143 1673 220 1716 οὐκ
251 1669 428 1730 ἄπειρον
456 1674 530 1718 τὸν
578 1675 767 1730 ἀριθμὸν
798 1676 1114 1731 κεκληρῶσθαι,
1141 1674 1219 1730 την
1248 1676 1294 1718 δὲ
1319 1677 1395 1718 τοῦ
1424 1675 1631 1728 Παλαμᾶ·

142 1741 276 1798 πέρας
323 1738 464 1799 εὗρεῖν
508 1742 680 1801 ου’δαμῇ
723 1744 849 1795 ποτέ,
882 1741 962 1784 ουίι
1001 1737 1081 1784 οἶδ’
1123 1741 1322 1797 ὁπότερον
1360 1741 1524 1796 εἴποιμι
1565 1738 1620 1784 ἄν

147 1984 248 2010 error
274 1975 509 2020 permanebit,
536 1987 643 2021 quum
669 1977 782 2021 prima
808 1976 905 2011 fraus
933 1977 1016 2011 inde
1042 1987 1107 2022 per
1123 1978 1320 2024 propinqua
1342 1989 1456 2024 usque
1483 1981 1525 2015 ad
1553 1991 1620 2015 ex..

145 2028 260 2058 trema
284 2028 457 2068 permeat.
509 2024 606 2065 dein,
633 2023 715 2067 hoc,
746 2025 874 2069 inquit,
901 2035 947 2058 ne
976 2026 1168 2077 patiamur,
1190 2036 1256 2060 nos
1286 2027 1328 2061 ad
1355 2037 1475 2061 veram
1502 2029 1619 2063 deita-

146 2076 216 2105 tem
247 2070 374 2106 oculos
401 2077 616 2106 convertere
652 2072 769 2105 edocti
796 2073 992 2116 scriptura,
1019 2083 1123 2108 omne
1153 2079 1308 2108 creatum
1339 2080 1437 2109 extra
1464 2076 1619 2111 divinam

146 2123 307 2153 naturam
333 2119 496 2164 cogitare
521 2119 731 2161 didicimus,
771 2130 874 2154 unam
902 2121 1095 2155 increatam
1130 2126 1287 2155 naturam
1315 2123 1463 2157 adorare
1489 2129 1523 2157 et
1550 2135 1618 2158 ve..

142 2166 279 2208 uetari,
309 2166 409 2201 cuius
435 2167 576 2213 signum
606 2173 660 2202 est
685 2173 791 2213 atque
818 2168 985 2202 indicium
1010 2179 1128 2214 neque
1164 2170 1324 2214 incipere
1353 2181 1433 2205 esse
1458 2181 1527 2205 nec
1552 2172 1618 2206 de..

144 2213 285 2249 sistere.

283 2277 440 2313 Videsne
466 2284 627 2313 veterum
655 2280 881 2314 decretorum
910 2280 1155 2326 dictorumque
1178 2281 1463 2325 probabilitatem
1490 2285 1619 2319 acl-re-

150 2325 332 2360 rutundum
358 2326 542 2361 difficilem
559 2338 636 2361 cum
652 2328 746 2361 omni
766 2328 1023 2371 perspicuitate
1051 2334 1086 2362 et
1104 2330 1275 2363 munditie
1300 2331 1487 2375 prolatam.
1515 2343 1618 2366 unam

146 2374 240 2408 enim
267 2373 423 2408 divinam
457 2375 646 2409 essentiam
675 2381 710 2409 et
735 2381 894 2409 naturam
926 2375 1074 2410 adorare
1103 2382 1138 2409 et
1169 2379 1335 2412 venerari
1362 2386 1616 2415 commonetur.

146 2421 393 2455 inessentialia
420 2427 455 2456 et
479 2422 588 2456 multa
624 2429 659 2457 et
702 2428 799 2457 extra
831 2424 986 2457 divinam
1022 2429 1182 2458 naturam
1216 2426 1332 2469 posita
1360 2427 1503 2461 minime
1528 2429 1616 2461 ado-

143 2479 223 2503 rare
252 2473 288 2502 et
313 2470 494 2504 venerari.
544 2470 612 2504 sibi
641 2472 734 2504 enim
764 2471 908 2504 inimica
933 2476 967 2504 et
994 2471 1099 2505 valde
1125 2475 1374 2518 repugnantia,
1402 2475 1463 2508 uni
1490 2475 1615 2519 multa,

144 2516 323 2550 essentiae
362 2517 622 2552 inessentialia.
685 2529 835 2552 neccsse
876 2524 929 2553 est
961 2524 999 2551 ut
1032 2519 1227 2554 incidamus
1265 2527 1325 2555 aut
1359 2523 1395 2555 in
1430 2523 1617 2566 impiorum

143 2563 353 2598 atheismum
383 2570 444 2598 aut
469 2565 505 2598 in
534 2566 748 2600 Graecorum
776 2566 1006 2610 polytheismi
1022 2567 1210 2601 nefandam
1230 2568 1481 2613 calamitatem,
1506 2581 1615 2615 prae..

142 2616 328 2646 ten-euntes
352 2611 567 2656 religionem
595 2615 686 2647 intra
723 2615 895 2658 positam,
934 2614 1027 2659 quod
1064 2625 1169 2659 supra
1204 2620 1238 2649 et
1263 2623 1437 2661 perpetuo
1467 2619 1616 2652 demon-

147 2658 350 2693 stravimus.
401 2670 529 2705 nempe
557 2661 771 2696 Graecorum
799 2661 1059 2705 polytheismus
1087 2663 1254 2707 exiguum
1272 2689 1282 2706 ‚
1311 2675 1383 2698 non
1409 2666 1616 2699 immensum

150 2716 334 2740 numerum
360 2706 428 2741 sibi
455 2710 695 2753 comparavit,
732 2708 892 2743 Palanias
925 2719 1013 2743 vero
1049 2710 1137 2744 fines
1169 2711 1334 2746 invenire
1361 2712 1462 2746 nullo
1499 2713 1617 2756 modo,

150 2754 276 2788 nescio
302 2758 417 2788 utrum
443 2755 535 2790 nolit
561 2767 604 2791 an
631 2762 799 2802 nequeat.
851 2762 1038 2803 utrumque
1066 2758 1157 2791 enim
1186 2759 1262 2793 fieri
1290 2764 1327 2793 ct
1353 2766 1470 2805 potest
1488 2767 1522 2795 ot
1545 2771 1616 2795 non
