1800 3132
258 134 323 182 32
678 142 715 184 N
718 139 971 184 {CEPHom
1017 137 1324 182 GREGORAE

255 245 458 295 διαλέξεις
500 244 759 299 ποιούμενος.
819 242 926 286 ὥστε
962 246 1035 286 καί
1070 244 1246 298 Κύπρον
1275 244 1431 296 μικροῦ
1475 243 1615 286 πᾶσαν
1638 243 1710 291 stc

165 316 236 349 11
254 306 386 363 ὕμνον
415 309 486 353 τὸν
515 311 590 353 σὸν
621 309 881 367 ἀνηρτήσατο
921 312 994 351 καί
1023 307 1204 364 κήρυκας
1244 312 1434 363 πέπραχε
1464 309 1581 360 σούς,
1609 310 1710 364 πρίν
1779 357 1792 362 ..

251 374 434 425 ἐκείνους
462 377 567 419 ι’δεῖν
595 392 634 419 τι
664 379 747 418 τῶν
776 378 874 418 σῶν.
908 372 1020 416 οὕτω
1049 391 1093 429 γε
1122 373 1208 428 μὴν
1239 375 1310 416 καί
1333 376 1404 429 τῆς
1431 389 1477 429 γε
1506 375 1581 430 σῆς
1611 375 1709 416 έπε-
1780 371 1800 431 ‘j'

251 439 379 495 θύμει
410 444 513 492 θέας
545 446 617 485 καί
647 443 812 494 ὁμιλίας
840 446 997 495 τυχεῖν,
1031 443 1104 483 καί
1131 438 1242 483 οὕτω
1267 441 1348 483 τῶν
1384 440 1584 485 τοιούτων
1612 437 1708 490 ὅλος
1787 440 1791 447 ‘

254 508 434 563 ἐγίγνετο
465 510 672 562 λογισμῶν
700 507 860 562 νύκτωρ
893 508 964 549 καί
990 511 1091 560 μεθ’
1117 507 1291 562 ἡμέραν,
1324 502 1432 548 ὥστε
1453 506 1527 549 καί
1552 501 1739 562 ηὕχετοὸ
1796 540 1797 543 ,

250 573 307 628 μή
338 573 541 629 πρότερον
568 575 663 628 μήτ’
695 575 850 615 ἐκεῖνον
878 573 985 628 μήτε
1015 577 1063 617 σὲ
1093 578 1241 616 θανεῖν
1271 573 1369 628 πρὶν
1402 571 1443 623 ἐς
1478 574 1707 626 Βυζαντίον

193 642 195 645 ’
251 639 406 682 ἐκεῖνον
437 640 655 696 ἀφῖχθαι,
693 637 823 681 πάλαι
850 631 972 682 τοῦτο
1017 643 1277 696 βουληθέντα
1312 639 1384 682 καί
1407 638 1708 695 μελετήσαντα,

249 705 378 760 μόνης
406 704 525 746 ἕνεκα
552 709 652 754 θέας
681 707 752 748 καί
772 706 938 758 ὁμιλίας
966 710 1040 761 τῆς
1070 710 1158 761 σῆς.
1191 704 1322 756 οὕτως
1350 707 1528 762 ἀποίητα
1556 701 1607 761 ἦν
1636 707 1709 748 καί

251 770 454 825 εἰλικρινῆ
469 770 513 814 τὸ
538 771 742 826 παράπαν
761 771 833 814 αἐἰ
852 770 903 815 τοὶ
926 775 1086 814 ἐκείνου
1107 773 1212 826 πρὸς
1230 766 1291 826 σέ,
1309 773 1382 816 καὶ
1398 774 1522 816 ου’δὲν
1538 772 1708 830 οὐδαμῇ

249 841 537 890 πεπλασμένον
555 834 658 892 ἦθος
679 837 976 881 ἐνεκεκάλυπτο
995 844 1079 887 τοῖς
1105 839 1261 882 ἐκείνου
1281 839 1502 894 γράμμασι
1523 837 1704 893 πώποτε,
1719 836 1764 882 10
1787 839 1800 863 Ψ

250 900 327 945 ὅσα
356 919 422 946 σοι
452 906 538 946 τῶν
564 906 649 946 σῶν
679 907 851 958 μακρῶν
879 907 1044 947 ἐκείνων
1066 907 1281 959 ἐγκωμίων
1308 905 1376 947 ἀεὶ
1405 907 1707 956 διετέλειπέμ-

251 987 339 1013 πων
366 968 514 1023 μεστά.
546 970 714 1023 ἐκόμισε
736 973 782 1013 δέ
802 986 873 1024 μοι
898 974 968 1014 καί
996 969 1075 1014 ὅσα
1099 974 1172 1026 τῆς
1204 973 1504 1027 ἀστρονομικῆς
1532 971 1708 1027 ἐπιστή-

252 1053 333 1092 μης
371 1037 484 1094 αύτῷ
522 1037 781 1094 έπεπόμφεις
823 1038 953 1087 αὐτὸς
988 1037 1091 1081 κατὰ
1123 1038 1355 1095 διαφόρους
1395 1033 1527 1082 ἄλλοτ’
1553 1032 1708 1087 ἄλλους
1767 1060 1773 1065 ·

250 1103 346 1153 τούς
358 1102 548 1158 χρόνους,
568 1106 639 1146 καί
658 1099 706 1158 ἦν
728 1107 783 1146 δι’
801 1103 1030 1160 ἐκπλήξεως
1051 1101 1164 1160 ἄγων
1184 1102 1297 1155 ὅπως
1315 1108 1474 1148 ἐκείνου
1490 1104 1616 1161 χάριν
1632 1103 1710 1148 πό-
1796 1092 1800 1103 ’

251 1186 332 1212 νων
360 1168 458 1219 τούς
487 1173 745 1220 πλείουςκαὶ
771 1169 956 1225 μάλιστα
977 1174 1196 1226 δυσχερεῖς
1218 1175 1299 1214 τῶν
1325 1170 1526 1214 τοιούτων
1547 1168 1790 1217 {neiis-153

250 1253 357 1279 σεων
386 1237 429 1278 ἐν
458 1238 615 1291 ὀλίγαις
645 1238 886 1280 συνέκλεισε
916 1242 1161 1293 συλλαβαῖς.
1222 1242 1294 1282 καί
1320 1242 1398 1292 μὲν
1428 1236 1478 1294 δὴ
1508 1237 1708 1294 οὕδὲ’τὴν

252 1307 526 1356 Πτολεμαίου
578 1304 962 1359 οἷποτελεσματικὴν
1014 1306 1285 1360 τετράβιβλον
1343 1307 1443 1360 περὶ
1486 1297 1709 1354 ἐλάσσονος

251 1373 431 1412 ἐποιεῖτο
461 1371 649 1426 σπουδῆς
676 1374 850 1425 ἐκεῖνος,
895 1371 1002 1414 α’λλὰ
1031 1362 1183 1427 ταύτην
1213 1389 1257 1415 τε
1286 1375 1359 1414 καί
1393 1369 1474 1415 ὅσα
1506 1372 1709 1429 περὶτῶν

251 1435 405 1488 ὁμοίων
434 1443 518 1487 τοῖς
538 1437 815 1490 Πτολεμαίου
844 1442 1138 1491 παλαιοτέροις
1177 1436 1267 1492 ἅμα
1304 1439 1376 1482 καί
1403 1441 1616 1493 νεωτέροις
1646 1436 1709 1480 ἔτι

255 1504 439 1558 περίεστι
470 1506 750 1557 γεγροῖμμένα,
783 1506 855 1547 καί
883 1501 961 1546 ὅσα
991 1505 1120 1547 πάλαι
1150 1506 1385 1555 Χαλδαίοις
1412 1505 1482 1548 καί
1514 1508 1708 1560 Πέρσαις
1723 1509 1770 1546 2⁰

252 1573 483 1624 πεποίηται,
516 1570 624 1612 πάνυ
656 1589 695 1613 τι
726 1571 861 1613 πάντα
894 1572 1227 1627 φιλοπονώτερον
1251 1570 1410 1630 μετῄει.
1469 1571 1540 1614 καί
1573 1569 1711 1614 ὄπόσα

78 1643 104 1678 f.
124 1643 190 1679 102
203 1642 237 1678 b.
250 1638 328 1689 μὲν
358 1633 461 1690 ὑπὲρ
501 1637 552 1678 τοὶ
581 1635 822 1690 ἐσκαμμένα
865 1643 948 1687 τοῖς
978 1638 1170 1692 εὐσεβέσι
1211 1640 1354 1692 νόμοις
1384 1641 1457 1681 καί
1483 1637 1711 1692 ὑπερόριον

251 1704 372 1745 τείνει
408 1703 531 1756 πόδα,
559 1705 694 1746 ταῦτα
726 1705 763 1746 δ’
791 1705 1004 1748 α’πεσείετό
1036 1721 1077 1747 τε
1107 1706 1178 1747 καί
1209 1707 1403 1748 διέπτυεν
1432 1705 1487 1754 ὥς
1515 1699 1711 1760 ἄχρηστα

266 1905 415 1949 Cyprios
440 1905 483 1939 ad
508 1910 599 1939 tuam
627 1905 776 1950 gloriam
802 1913 1029 1942 converteret
1053 1908 1175 1952 tuique
1207 1907 1406 1941 laudatores
1433 1905 1611 1946 efficeret,
1637 1905 1716 1949 pri-

261 1962 406 1996 usquam
434 1958 571 1986 tuorum
599 1955 786 1997 quidquam
813 1956 986 1989 viderent.
1013 1960 1082 1988 tam
1108 1954 1337 1988 vehementer
1361 1963 1448 1987 vero
1474 1952 1716 1997 cupiebatsibi

259 2000 497 2043 contingere,
526 2005 563 2033 ut
582 2005 617 2033 te
643 2002 782 2034 videret
807 2007 993 2047 tecumque
1020 2008 1291 2036 conversaretur
1317 2007 1352 2034 et
1379 2002 1427 2034 ita
1452 2005 1545 2034 totus
1570 2001 1607 2033 in
1631 1999 1716 2033 tali-

260 2045 326 2078 bus
359 2047 635 2091 cogitationibus
660 2054 767 2081 noctu
793 2055 827 2082 et
852 2050 909 2082 die
936 2055 1029 2092 erat,
1064 2055 1102 2083 ut
1133 2054 1350 2093 precaretur,
1375 2058 1421 2081 ne
1451 2048 1547 2091 prius
1585 2052 1644 2080 aut
1678 2051 1717 2079 tu

253 2094 444 2127 morereris
470 2100 530 2128 aut
555 2096 631 2137 ipse
657 2096 847 2129 decederet
872 2108 890 2129 e
917 2098 1003 2139 vita,
1030 2107 1130 2141 quam
1155 2095 1365 2140 Byzantium
1391 2095 1549 2128 venisset
1573 2094 1608 2127 id
1625 2092 1718 2138 quod

257 2140 330 2172 iam
358 2140 416 2173 diu
442 2141 619 2176 voluisset
658 2149 692 2176 et
724 2143 958 2178 deliberasset
989 2144 1088 2177 nulla
1123 2143 1192 2177 alia
1226 2143 1268 2176 de
1295 2152 1417 2184 causa,
1451 2151 1553 2186 quam
1587 2146 1625 2175 ut
1656 2145 1717 2174 tuo

265 2187 435 2230 adspectu
466 2194 501 2221 ct
529 2190 786 2223 consuetudine
810 2191 877 2223 frui
903 2197 1036 2235 posset.
1087 2196 1155 2224 tam
1179 2189 1328 2234 simplex
1355 2194 1430 2222 erat
1453 2194 1593 2232 tamque
1625 2186 1720 2221 omni

262 2243 306 2267 ex
334 2239 433 2277 parte
459 2237 620 2270 sincerus
647 2247 786 2280 semper
813 2239 889 2271 eius
916 2240 1052 2272 animus
1078 2239 1246 2272 adversus
1270 2242 1306 2269 te
1319 2236 1632 2280 nequequidquam
1646 2233 1719 2269 fieti

259 2285 323 2314 aut
347 2281 457 2316 fucati
484 2293 637 2328 unquam
665 2285 700 2317 in
726 2284 800 2318 illis
834 2284 964 2319 litteris
997 2284 1252 2326 delitescebat,
1277 2294 1363 2327 quas
1395 2282 1636 2316 laudationum
1657 2280 1719 2318 ‚tui

260 2327 448 2372 longarum
478 2330 603 2373 plenas
626 2337 799 2374 perpetuo
826 2332 888 2364 tibi
915 2333 1022 2366 misit.
1084 2331 1290 2376 apportabat
1322 2331 1407 2364 mihi
1439 2330 1542 2363 etiam
1569 2329 1718 2372 scripta,

261 2384 352 2418 quae
379 2376 424 2409 de
450 2379 669 2411 astronomia
695 2379 726 2411 ei
754 2379 905 2413 diversis
933 2379 1149 2423 temporibus
1173 2379 1333 2420 miseras,
1360 2378 1473 2421 quain
1486 2377 1720 2410 remiratione

258 2420 336 2455 fere
363 2423 550 2466 perculsus
579 2436 685 2467 eram,
713 2426 886 2469 quomodo
913 2426 1208 2460 laboriosissimus
1235 2429 1270 2458 et
1294 2423 1521 2459 difficillimas
1555 2428 1721 2457 astrono-

262 2469 438 2503 micarum
467 2473 712 2515 quaestionum
738 2474 861 2516 paucis
888 2473 1154 2517 comprehendit
1176 2471 1336 2515 syllabis.
1385 2481 1502 2514 neque
1521 2479 1609 2504 vero
1633 2468 1722 2502 Pto-

261 2513 396 2549 lemaei
422 2518 745 2561 apotelesmaticam
770 2519 986 2553 tetrabiblon
1010 2519 1183 2565 neglexit:
1210 2518 1272 2552 sed
1296 2528 1367 2552 non
1393 2517 1506 2552 solum
1535 2527 1609 2550 eam
1645 2520 1722 2550 stu-

268 2561 469 2596 diosissime
496 2564 691 2608 lectitabat,
718 2567 780 2600 sed
808 2567 911 2600 etiam
938 2577 1059 2600 omnes
1086 2566 1196 2600 libros
1222 2566 1266 2598 de
1292 2564 1397 2599 simili
1423 2568 1642 2608 argument0,
1662 2561 1723 2606 qui

269 2617 289 2640 a
316 2610 549 2652 scriptoribus
574 2612 778 2646 Ptolemaeo
805 2613 1061 2657 antiquioribus
1088 2613 1147 2647 vel
1172 2611 1431 2646 recentioribus
1457 2610 1641 2654 compositi
1658 2608 1723 2642 ad-
1785 2647 1795 2651 ..

271 2653 341 2688 huc
371 2662 510 2690 exstant
540 2659 598 2692 vel
627 2671 646 2692 a
672 2660 854 2693 veteribus
881 2659 1067 2694 Chaldaeis
1094 2664 1128 2692 et
1152 2658 1269 2693 Persis
1295 2658 1487 2701 conscripti
1512 2662 1604 2691 sunt.
1661 2654 1725 2690 sed

253 2711 485 2748 quaecunque
519 2706 606 2739 fines
639 2707 771 2740 sanctis
803 2706 942 2751 legibus
981 2708 1191 2740 constitutos
1238 2706 1414 2739 excedunt
1452 2710 1558 2749 atque
1593 2708 1722 2737 metam
