1826 3120
242 610 315 644 52

157 1415 183 1451 f.
207 1415 276 1450 130
290 1425 319 1450 r.

328 155 428 214 260
567 198 568 201 ,
609 167 611 169 ’
736 158 1034 204 NICEPHORI
1083 156 1390 201 GREGORAE

331 265 437 320 πρὸς
466 264 542 321 τὴν
571 263 674 321 ὗγιοῒ
700 268 974 319 συμπέπτωκε
1005 255 1291 319 θεογνωσίαν,
1337 265 1409 306 ἵνα
1455 260 1628 318 δηλαδὴ*
1653 261 1727 305 καὶ
1765 261 1787 304 ὅ

332 331 412 387 πρὸ
446 334 629 387 βραχέος
666 334 820 381 ἐκεῖνος
866 331 1078 388 πεμφθείς
1113 330 1189 372 ὑπ’
1228 329 1371 372 αότῶν
1409 323 1516 371 κατά
1547 322 1631 372 τόν
1659 327 1703 371 ἐν
1733 329 1788 386 τῷ

335 394 425 454 ὄρει
454 398 587 456 τούτῳ
616 395 859 440 ἑαλωκότων
879 399 953 440 ’ἐπ’
996 396 1233 454 αὐτοφώρῳ
1266 397 1562 438 Μασαλιανῶν
1599 396 1674 437 καί
1700 397 1789 437 Βο-

330 467 514 520 γομίλων
545 463 672 518 τόμος
702 463 1036 520 θεατρικοότερος
1066 465 1248 518 γένηται,
1283 464 1356 504 καί
1385 462 1485 504 πᾶσι
1515 464 1686 520 γνωσθῇ
1715 464 1789 516 τῆς

331 534 399 588 ἐφ’
428 529 539 573 οὕτω
567 534 675 586 μέγα
714 532 859 580 κακίας
890 530 1270 586 ἀναρριπισθείσης
1299 527 1502 583 αἱρέσεως
1535 527 1559 583 ἧ
1590 527 1701 585 ῥίζα.

464 596 673 652 Μοναχὸς
700 596 781 652 γάρ
817 614 880 647 τις
911 600 992 640 τῶν
1019 599 1074 656 τῷ
1100 597 1291 654 Σκορπίῳ
1334 595 1468 653 τούτῳ
1500 592 1790 651 ὖπηρετουμέ-

331 682 426 718 νων,
456 666 681 720 τοιῖπίκλην
701 663 961 720 Βαρδάριος,
992 663 1180 705 θανάτου
1201 665 1354 717 γείτονι
1377 663 1554 716 κάτοχος
1575 657 1655 717 ἤδη
1684 660 1788 720 νόσῳ

329 732 576 788 γενόμενος,
621 730 754 773 ἔκειτο
796 732 962 783 κάμνων
1003 732 1079 773 καί
1113 733 1290 784 μυρίαις
1330 726 1532 790 ἀλγηδόσι
1570 726 1618 770 τὸ
1664 731 1787 782 σῶμα

331 798 605 852 κεντούμενος
637 797 766 841 ἅπαν.
843 796 987 840 ἔπειτα
1017 798 1084 854 ἐφ’
1114 794 1233 846 ὅλαις
1263 796 1442 851 ἡμέραις
1486 795 1618 839 εἴκοσι
1648 791 1790 856 ἄσιτός
1825 783 1826 829 i

330 883 375 909 τε
406 866 475 908 καί
507 860 657 915 ἄποτος
698 866 916 918 διαμείνας
946 860 1117 920 ἄφωνος
1141 861 1296 916 ἔκειτο,
1337 865 1472 905 πνέων
1501 861 1708 918 ὁσημέραι
1736 861 1787 905 τὰ
1803 871 1826 907 14

328 934 516 976 λοίσθια.
576 933 650 974 οὔκ
697 931 874 987 ἔθνησκε
906 933 976 984 δέ,
1017 929 1124 972 α’λλά
1170 932 1215 972 τό
1246 946 1288 973 τε
1316 932 1442 983 σῶμα
1472 928 1686 983 ἐξώγκωτο
1719 929 1792 971 καί

332 1003 477 1054 μακρά
505 1016 568 1049 τις
602 1001 791 1055 ε’πεχύθη
819 1001 875 1057 τῷ
897 999 1103 1056 προσώπῳ
1132 997 1381 1051 μελάνωσις.
1440 998 1522 1050 ὀψὲ
1553 999 1600 1040 δὲ
1619 999 1687 1054 ’τῷ
1718 998 1791 1039 τοῦ

331 1068 577 1122 πράγματος
604 1065 828 1125 παραδόξῳ
862 1068 1191 1120 καταπλαγέντες
1222 1062 1259 1106 οἱ
1291 1067 1362 1119 τῆς
1396 1066 1528 1119 μονῆς
1555 1065 1647 1106 ἐκεῖ
1665 1078 1794 1118 προε-

332 1133 550 1188 δρεύοντες
581 1128 727 1188 ἤροντο
754 1133 813 1188 μή
844 1150 883 1174 τι
916 1135 996 1174 τῶν
1036 1133 1151 1189 αὐτῷ
1183 1133 1565 1188 πλημμεληθέντων
1595 1129 1794 1185 ἆνεξαγό-

331 1216 476 1256 ρευτον
494 1202 537 1242 ἐν
552 1199 760 1252 θαλάμοις
780 1197 939 1257 κρύπτῃ
958 1200 1148 1254 καρδίας,
1178 1196 1338 1240 κᾶπειτ’
1363 1198 1495 1239 αυτοῦ
1519 1196 1745 1251 κηδόμενος
1770 1195 1792 1237 ὅ
1807 1206 1824 1239 1.

333 1266 434 1316 θεὸς
456 1268 530 1308 ου’κ
559 1268 606 1325 ἐᾷ
625 1268 680 1325 τῷ
710 1267 863 1323 αἰωνίῳ
888 1265 1072 1308 θανόντα
1094 1267 1272 1319 δοθῆναι
1294 1264 1409 1319 πυρί.
1444 1261 1467 1306 ὃ
1486 1265 1532 1306 δὲ
1551 1264 1692 1314 συνείς
1721 1265 1794 1306 καί

333 1334 485 1385 μικρὸν
517 1331 668 1387 διάρας
708 1333 804 1383 τοὺς
844 1331 1099 1389 ὀφθαλμοὺς
1142 1330 1294 1382 βύθιον
1324 1330 1542 1389 ἀνῴμωξε,
1573 1332 1653 1372 καῖ’
1671 1329 1792 1383 μόλις

334 1399 505 1454 κινήσας
536 1397 613 1453 τὴν
641 1401 827 1453 γλῶτταν
855 1399 997 1440 τοιάδε
1031 1401 1173 1453 φησίν.
1224 1395 1351 1441 ζ(ἴστε
1390 1397 1466 1452 τήν
1509 1396 1588 1450 πρὸ
1619 1396 1794 1439 δυοκαί-

335 1468 434 1507 δεκα
464 1464 567 1508 ἐτῶν
599 1468 805 1508 ἐνταυθοῖ
826 1468 1052 1520 γενομένην
1094 1464 1272 1507 σύνοδον
1294 1467 1376 1507 τῶν
1414 1466 1458 1507 ἐν
1486 1465 1543 1521 τῷ
1571 1459 1662 1519 ὄρει
1689 1465 1793 1522 τῷδε

337 1533 515 1588 α’νδρῶν.
574 1531 665 1576 τότε
696 1534 834 1575 τοίνυν
861 1533 1194 1582 ὑποπτευθέντος
1223 1535 1296 1574 καί
1323 1535 1398 1575 τοῦ
1428 1533 1652 1587 Σκορπίου,
1685 1531 1826 1584 ἐροῦ-2

335 1604 482 1656 τηθεὶς
512 1598 593 1655 ἐγώ
612 1602 653 1644 εἰ
679 1601 854 1643 σύνοιδα
884 1600 1000 1657 αὐτῷ
1019 1602 1201 1656 κοινωνῷ
1229 1603 1436 1657 γενομένῳ
1455 1605 1542 1648 τοῖς
1568 1600 1792 1654 τηνικαῦτα

337 1666 487 1709 ἁλοῦσι
520 1669 821 1717 Μασαλιανοῖς
847 1665 929 1724 ,καί
964 1667 1216 1721 Βογομίλοις
1247 1668 1463 1721 ἐνταῦθα,
1492 1663 1665 1722 ἔξαρνος
1700 1665 1793 1719 ἐγε-

1798 1795 1813 1809 f

338 1887 414 1911 rum
442 1882 477 1910 et
498 1877 625 1912 missus
652 1876 716 1911 ille
759 1877 866 1921 paulo
891 1883 974 1912 ante
998 1878 1041 1911 ab
1083 1878 1127 1912 iis
1154 1883 1277 1912 contra
1310 1877 1471 1913 homines
1502 1879 1540 1913 in
1575 1884 1695 1913 monte
1723 1878 1791 1913 hoc

339 1923 580 1968 deprehensos
612 1925 649 1958 in
687 1925 764 1968 ipso
803 1925 896 1958 furto
923 1925 1144 1960 Illassilianos
1179 1931 1214 1959 et
1247 1925 1452 1969 Bogomilos
1485 1931 1599 1960 temus
1623 1926 1706 1960 libri
1733 1927 1793 1960 fiat

340 1972 503 2015 inspectu
530 1972 671 2016 dignior
712 1977 746 2005 et
770 1972 813 2006 ab
840 1972 1000 2006 omnibus
1028 1978 1264 2018 cognoscatur
1299 1972 1403 2006 huius
1429 1973 1471 2007 ad
1504 1984 1580 2007 eum
1608 1975 1791 2018 pravitatis

341 2020 485 2064 gradum
512 2029 723 2064 progressae
748 2020 847 2053 radix
873 2020 1078 2054 haereseos.

470 2082 661 2117 Monachus
683 2084 773 2117 enim
802 2084 939 2128 quidam
968 2095 1011 2118 ex
1038 2084 1082 2117 iis
1108 2085 1167 2128 qui
1193 2084 1341 2128 Scorpio
1370 2084 1452 2118 huic
1477 2090 1626 2129 parent,
1653 2095 1791 2129 cogno..

338 2131 433 2163 mine
459 2130 660 2171 Bardarius,
687 2131 808 2164 mortis
835 2132 994 2174 proximo
1014 2131 1193 2165 subiectus
1217 2132 1284 2165 iam
1308 2131 1443 2174 morbo,
1470 2132 1608 2166 iacebat
1626 2132 1790 2166 laborans
1810 2140 1812 2142 ’

340 2183 375 2210 et
399 2178 540 2211 summis
574 2179 716 2210 omnino
754 2179 914 2221 corporis
954 2178 1134 2212 doloribus
1172 2185 1342 2220 vexatus;
1375 2179 1502 2212 deinde
1540 2189 1604 2223 per
1633 2181 1790 2224 integros

339 2225 469 2267 viginti
494 2224 568 2258 dies
598 2225 677 2258 eibo
704 2230 860 2269 potuque
888 2225 1106 2267 abstinebat,
1141 2227 1218 2259 sine
1253 2235 1344 2259 voce
1369 2226 1508 2259 iacebat
1532 2226 1688 2260 ultimum
1715 2233 1790 2260 tra-

340 2271 427 2306 hens
454 2272 636 2315 spiritum;
670 2282 738 2305 nec
777 2272 992 2305 moriebatur
1031 2278 1171 2315 tamen3
1211 2274 1271 2307 sed
1298 2282 1426 2316 corpus
1463 2279 1600 2307 tumore
1635 2273 1790 2307 efflatum

344 2324 420 2352 erat
446 2324 479 2351 et
503 2319 666 2352 diuturna
692 2320 837 2364 quadam
865 2330 903 2354 os
930 2320 1191 2354 suffundebatur
1225 2320 1424 2364 nigredine.
1475 2331 1555 2354 sero
1581 2326 1695 2354 autem
1723 2331 1791 2354 nec

339 2365 510 2400 miraculo
537 2368 677 2399 attoniti
708 2368 889 2410 praesides
915 2367 1013 2400 illius
1040 2367 1209 2400 domicilii
1238 2367 1465 2411 quaerebant,
1490 2378 1571 2400 num
1598 2369 1680 2412 quid
1705 2377 1791 2402 suo-

341 2424 416 2446 rum
442 2419 667 2456 peccatorum
686 2415 771 2447 novi
808 2406 991 2447 confessus
1027 2415 1062 2447 in
1088 2415 1208 2447 intimo
1245 2415 1420 2447 conditum
1458 2414 1605 2449 haberet
1633 2420 1791 2459 pectore,

340 2461 494 2504 ideoque
521 2462 596 2494 eius
624 2471 739 2494 curam
766 2472 896 2506 gerens
921 2462 1006 2494 deus
1034 2471 1104 2494 non
1129 2467 1310 2504 pateretur
1343 2472 1420 2494 eum
1446 2467 1618 2495 mortuum
1646 2468 1791 2495 aeterno

340 2508 429 2541 tradi
468 2508 555 2552 igni.
612 2508 669 2542 hic
703 2514 887 2553 postquam
921 2508 1101 2542 intellexit
1135 2508 1281 2542 sublatis
1308 2508 1488 2552 paululum
1515 2509 1650 2551 oculis,
1676 2508 1793 2543 vehe-

338 2560 477 2587 menter
505 2555 654 2588 ciulavit
690 2561 724 2588 et
756 2557 816 2589 vix
853 2565 999 2588 movens
1043 2555 1197 2599 linguam
1235 2555 1324 2588 haec
1351 2557 1448 2589 dixit.
1498 2557 1596 2590 scitis
1624 2562 1704 2589 ante
1729 2556 1792 2589 hos

339 2602 525 2635 duodecim
552 2613 661 2635 annos
689 2603 841 2636 habitam
869 2603 925 2635 hic
952 2602 1122 2645 synodum
1142 2603 1297 2636 virorum
1324 2604 1359 2636 in
1381 2603 1448 2636 hoc
1474 2608 1592 2636 monte
1620 2613 1659 2636 se
1686 2612 1792 2636 exer-

339 2650 505 2682 centium,
556 2655 625 2682 tum
653 2650 760 2693 igitur
785 2651 819 2683 in
853 2650 1088 2693 suspicionem
1114 2655 1240 2683 vocato
1278 2651 1380 2683 etiam
1407 2650 1554 2694 Scorpio
1590 2651 1792 2694 interroga-

339 2701 395 2729 tus
423 2706 503 2739 ego,
529 2707 610 2729 num
637 2698 762 2730 scirem
791 2708 867 2730 eum
894 2697 1028 2730 socium
1054 2697 1164 2731 fuisse
1189 2702 1369 2740 captorum
1396 2697 1488 2731 hunc
1504 2697 1792 2732 massalianorum

336 2747 376 2781 ‚et
400 2743 664 2790 Bogomilorum
698 2745 829 2792 negavi
862 2755 917 2779 me
950 2745 1042 2780 scire
1078 2745 1236 2791 quamvis
1272 2744 1488 2790 exploratam
1526 2755 1601 2780 rem
1635 2744 1782 2788 habena
