1852 3138
323 135 420 183 398
730 137 1029 182 NICEPHORI
1070 136 1374 182 enecone
1462 122 1464 125 ’
1591 141 1622 188 r}

325 247 428 288 πᾶσι
461 249 591 300 μετῆν
620 242 852 300 ὁμοφύλοις
889 244 962 287 καί
995 240 1255 299 ὁμογνώμοσι
1292 242 1367 299 τὴν
1393 238 1644 306 εὖοέβηαν,
1691 241 1778 286 εἴτε

325 313 407 354 ταῖν
435 314 623 355 σκυτέων
659 328 720 360 τις
752 309 816 366 εἴη
860 311 933 362 κατ’
972 313 1217 354 σκαπανέων
1255 309 1329 354 καὶ
1360 308 1487 361 εἴτις
1527 311 1612 353 τόν
1647 324 1778 367 σοφι-

239 380 450 430 asoreth.
511 378 707 433 δεύτερον
746 378 783 419 δ’
824 375 985 431 εἴποιμι
1030 373 1082 420 ἂν
1120 377 1176 426 ὥς
1218 379 1258 420 εἰ
1293 376 1442 432 βίαιόν]
1475 391 1518 420 τι
1553 377 1626 421 κατ’
1671 378 1778 420 οἴνα-

324 445 558 500 πόδρασιον
607 443 651 486 τὸ
693 446 763 498 τῆς
791 443 994 499 ἀ’νοὶγκης
1039 446 1243 487 ἐνταυθοῖ
1282 445 1524 500 περιίστατο
1563 441 1779 500 τρόπαιον,

323 511 423 565 περὶ
447 511 601 553 πολλοῦ
629 511 739 564 μέντ’
771 508 823 553 ἂν
852 511 924 552 καί
944 511 1089 565 αιίτός,
1117 512 1276 564 μᾶλλον
1305 512 1352 554 δὲ
1378 512 1452 554 τοῦ
1473 509 1635 561 παντός
1656 512 1777 554 enoc·
1802 555 1805 558 ,

323 578 459 633 ου’μην
487 576 533 620 τὸ
565 577 697 631 λέγειν
732 579 935 630 ἐνταῦθα,
967 578 1154 630 ἐμαυτοῦ
1174 593 1217 619 τε
1248 575 1605 634 προμηθούμενος,
1631 577 1686 627 ὥς
1713 577 1773 634 μὴ

322 645 627 697 διαβαλλοίμην
655 649 737 692 τοῖς
771 643 1114 700 φιλοσκώμμοσι,
1145 645 1218 686 καί
1243 640 1332 697 ἅμα
1357 646 1438 686 τῶν
1466 643 1775 700 α’φελεστέρων,

322 709 378 759 ὥς
406 703 464 764 μή
496 709 652 767 ῥαδίως
694 711 960 767 ε’ξαπατῷντο
1002 708 1107 764 πρὸς
1135 713 1218 752 ταῖν
1259 710 1457 753 α’νοσίων
1477 712 1550 765 τῆς
1579 710 1776 764 ἀσεβείας

322 778 551 832 προέδρων.
610 778 684 818 νῦν
714 777 751 817 δ’
782 775 925 830 ἐπειδὴ
958 781 1144 829 ματαίαν
1163 777 1364 827 ἐπίδειξιν
1390 772 1500 819 εἶναι
1523 774 1570 837 τῤ
1599 778 1774 831 πρᾶγμα

322 850 540 886 κατανοεῖν
572 839 672 899 ἡμῖν
700 844 1003 898 παραγίνεται,
1035 847 1107 886 καί
1135 843 1264 886 πολὺν
1291 845 1369 897 μὲν
1408 841 1604 900 ἀνόνητον
1633 845 1681 888 δὲ
1704 845 1808 887 nati

320 912 412 968 εἰκῇ
440 909 513 951 τὸν
543 912 618 964 τῆς
646 909 784 964 ἔριδος
828 911 1027 952 ἐντεῦθεν
1067 909 1282 965 κονιορτὸν
1322 907 1609 965 ἐγειρόμενον,
1641 912 1777 965 σιγᾶν,

323 975 380 1027 ὥς
410 976 591 1033 εἴρηται,
627 976 861 1032 ἐβουλόμην
892 971 943 1018 ἂν
969 980 1130 1030 μᾶλλον
1158 974 1186 1031 ἢ
1211 979 1374 1032 λέγειν,
1405 977 1459 1018 ου’
1483 975 1527 1019 τὸ
1554 979 1691 1032 λέγειν
1719 977 1777 1028 ὥς

323 1042 523 1098 ἀνόνητον
552 1041 656 1085 κατὰ
689 1040 822 1098 φύσιν
849 1043 1044 1098 ὑπάρχον
1087 1043 1412 1097 ἀποσειόμενος,
1462 1043 1554 1086 ἀλλ’
1592 1043 1650 1093 ὥς
1675 1044 1778 1099 ἡμῖν

322 1109 517 1163 ὑπάρχον
548 1108 747 1163 ἀνόνητον
779 1102 891 1163 ἄρτι,
918 1108 991 1164 τὴν
1023 1111 1186 1165 α’ωρίαν
1217 1113 1318 1158 τέως
1355 1111 1430 1152 τοῦ
1455 1108 1610 1165 χρόνον
1637 1109 1778 1152 καθά-

321 1192 399 1230 περ
429 1173 521 1218 τινὰ
551 1177 700 1230 κηλῖδα
730 1183 1081 1227 συμπεπτωκυῖαν
1108 1176 1419 1231 ὄθενδηποτοῦν
1446 1174 1562 1231 παρὰ
1591 1173 1635 1219 τό
1668 1174 1810 1228 sladen

323 1244 659 1294 ἀναδεξαμένου·
725 1240 754 1282 ἂ
795 1240 876 1295 γὰρ
914 1243 1186 1298 ἐνδεχομένην
1221 1243 1297 1284 ου’κ
1335 1243 1566 1299 α’ναγκαιάν
1596 1245 1643 1285 δὲ
1671 1258 1778 1298 προ-

321 1309 545 1363 βάλλονται
575 1307 774 1364 ζήτησιν,
817 1310 951 1350 ταῦτα
991 1309 1152 1359 πάντως
1193 1311 1284 1351 ου’δ’
1315 1311 1548 1365 ἀναγκαίαν
1581 1308 1674 1352 τινὰ
1705 1307 1777 1365 τὴν

235 1389 309 1422 80
324 1373 550 1429 α’πόκρισιν
580 1375 757 1415 ἀπαιτεῖ
781 1378 1020 1428 πανταχοῦ.
1089 1376 1233 1418 α’κούω
1274 1374 1353 1430 γάρ
1386 1375 1458 1434 κατ’
1485 1378 1564 1418 τοῦ
1589 1373 1776 1430 μεγάλου

324 1442 551 1485 Ramista„
580 1443 949 1497 περιφρονοῦντος,
990 1441 1114 1484 ὁπότε
1144 1442 1249 1496 πρὸς
1275 1445 1358 1486 τῶν
1387 1443 1612 1498 :Apamam
1644 1442 1778 1484 α’παι-

324 1513 437 1551 τοῖτο
464 1506 538 1561 τὴν
570 1508 647 1548 τοῦ
670 1505 844 1561 “κιῗριος
874 1505 1010 1550 ἕκτισέ
1036 1507 1113 1561 με”
1141 1508 1286 1564 φωνὴν
1324 1511 1576 1566 ἐξηγεῖσθαι,
1606 1508 1678 1551 καί
1702 1510 1776 1563 τῆς
1815 1559 1820 1563 ἐ

323 1574 441 1629 σιγῆς
469 1572 545 1628 τήν
576 1575 715 1616 αἰτίαν
744 1571 990 1630 φάσκοντος,
1012 1575 1070 1629 μή
1102 1571 1208 1617 εἶναι
1244 1573 1406 1631 δηλαδὴ,
1422 1577 1632 1631 μηδεμίαν
1646 1575 1779 1630 α’νάγ-

323 1656 399 1696 κην
428 1642 526 1696 περὶ
553 1639 746 1696 τοιαύτης
773 1643 907 1696 λέγειν
938 1644 1105 1699 φωνῆς,
1147 1643 1221 1684 καί
1246 1645 1382 1686 ταῦτα
1420 1642 1493 1685 διὰ
1522 1643 1778 1699 παραβολῶν

1202 1701 1207 1716 .

323 1837 399 1874 tur,
425 1841 542 1875 neque
569 1830 756 1875 quidquam
780 1831 945 1865 iniustius
973 1837 1048 1865 erat
1064 1842 1166 1877 quam
1190 1832 1235 1866 de
1260 1842 1302 1866 eo
1329 1833 1389 1878 qui
1413 1832 1457 1867 de
1472 1837 1594 1867 nostra
1617 1833 1777 1868 doctrina

324 1878 535 1923 loquebatur
560 1879 590 1912 si
616 1888 744 1912 revera
768 1879 837 1912 viri
865 1878 958 1912 docti
978 1879 1165 1922 plurimum
1192 1879 1360 1914 valebant
1384 1890 1590 1925 quamquam
1615 1890 1686 1923 non
1703 1891 1777 1915 ea.-
1828 1900 1830 1902 v

322 1927 400 1960 dem
427 1925 574 1959 facultas
600 1926 729 1959 ceteris
756 1925 915 1959 omuibus
945 1926 1060 1960 inerat
1084 1927 1143 1971 qui
1168 1926 1350 1960 nobiscum
1387 1928 1522 1961 faciunt
1559 1928 1776 1973 eandemque

322 1974 515 2007 doctrinam
543 1972 684 2014 habent,
711 1983 884 2016 quaerere
909 1984 989 2006 num
1019 1984 1037 2006 e
1070 1983 1216 2007 numero
1250 1979 1405 2008 sutorum
1432 1979 1492 2008 aut
1516 1973 1688 2009 fossorum
1717 1980 1777 2009 aut

322 2020 556 2063 sophistarum
588 2025 692 2054 esset.
751 2020 877 2053 deinde
914 2026 1030 2054 autem
1070 2022 1185 2054 fateor
1218 2022 1247 2055 si
1280 2020 1381 2054 nullo
1407 2022 1509 2055 modo
1547 2021 1716 2056 evitabile
1742 2027 1778 2055 et

321 2078 465 2111 prorsus
490 2067 727 2101 necessarium
743 2067 882 2108 fuisset,
907 2078 962 2101 me
987 2078 1207 2112 nequaquam
1231 2067 1281 2101 ibi
1297 2069 1503 2102 omissurum
1531 2067 1643 2102 fuisse
1667 2069 1777 2103 verba

322 2116 464 2156 facere,
502 2124 543 2146 eo
581 2120 618 2148 ut
656 2125 820 2147 caverem
859 2115 944 2147 mihi
978 2125 1024 2147 ne
1054 2116 1222 2149 ludibriis*
1248 2115 1333 2148 mihi
1371 2116 1611 2149 obtrectarent
1636 2126 1776 2161 unaque
1834 2159 1836 2161 ‚

322 2162 402 2195 aliis
429 2162 487 2205 qui
513 2162 644 2195 indocti
670 2167 750 2195 sunt
774 2172 820 2194 ne
844 2161 950 2209 facile
973 2173 993 2195 a
1020 2162 1182 2196 scelestis
1215 2163 1404 2206 impietatis
1430 2162 1648 2206 praesidibus
1673 2163 1776 2197 deci..

322 2214 502 2252 perentur.
551 2219 644 2242 nunc
670 2219 757 2242 vero
789 2219 893 2252 quum
932 2219 1056 2243 vanam
1084 2220 1203 2244 eorum
1241 2210 1575 2243 demonstrationem
1602 2219 1681 2244 esse
1706 2220 1776 2244 no..

322 2255 374 2290 bis
399 2256 484 2290 satis
511 2255 650 2289 eluceat
677 2261 711 2289 et
742 2257 871 2290 frustra
909 2266 969 2290 eos
997 2262 1031 2290 et
1063 2258 1141 2291 sine
1168 2261 1297 2290 eventu
1331 2255 1606 2291 concertationis
1630 2257 1776 2291 multum

321 2303 432 2337 lutum
458 2304 656 2337 concitasse
682 2308 801 2337 tacere
826 2308 865 2336 ut
890 2303 961 2337 dixi
986 2303 1158 2338 malebam
1178 2303 1277 2348 quam
1303 2303 1435 2346 dicere,
1459 2314 1527 2337 nec
1553 2314 1639 2338 vero
1666 2315 1708 2339 ea
1732 2305 1776 2338 de

322 2359 427 2384 causa
452 2361 493 2383 ac
520 2353 549 2384 si
578 2351 698 2384 dicere
727 2352 868 2384 omnino
897 2360 960 2393 per
986 2351 1168 2385 seinutile
1195 2356 1289 2385 esset
1304 2351 1365 2384 sed
1393 2352 1475 2396 quia
1498 2351 1601 2385 nobis
1626 2353 1707 2395 ipso
1734 2361 1775 2384 eo

320 2403 479 2441 tempore
513 2397 639 2431 inutile
682 2397 757 2432 fore
786 2397 982 2431 videbatur.
1061 2398 1154 2443 quod
1186 2399 1457 2441 inopportunum
1502 2409 1581 2433 esse
1616 2404 1651 2432 et
1674 2398 1776 2432 nobis

320 2450 484 2488 tanquam
510 2445 639 2489 probro
666 2445 744 2479 sore
769 2447 882 2489 ipsum
916 2445 1004 2479 illud
1041 2451 1178 2489 tempus
1218 2445 1302 2479 satis
1333 2446 1510 2479 monebat.
1569 2446 1612 2480 de
1649 2445 1776 2490 quibus

322 2493 414 2526 enim
435 2492 677 2536 quaestionem
703 2497 906 2537 proponunt
925 2502 996 2525 non
1026 2493 1274 2534 necessariam,
1301 2492 1390 2526 haec
1415 2492 1683 2536 responsionem
1707 2502 1775 2526 ne-
1798 2533 1800 2536 Α

321 2540 507 2572 cessariam
534 2549 604 2573 non
638 2540 830 2582 postulant.
868 2540 998 2573 >audio
1034 2541 1125 2573 enim
1161 2549 1324 2585 magnum
1362 2540 1532 2574 Basilium
1569 2539 1707 2584 quando
1732 2538 1775 2572 ab

319 2586 460 2620 Arianis
486 2586 725 2629 postularetur
761 2592 800 2619 ut
839 2588 1053 2620 enuntiatum
1092 2588 1199 2620 “deus
1233 2587 1368 2620 creavit
1399 2587 1479 2620 me”
1514 2586 1710 2631 explicaret
1740 2586 1777 2620 id
1832 2590 1852 2632 sa

320 2634 526 2676 repudiasse
554 2639 588 2667 et
613 2634 748 2667 silentii
774 2644 913 2667 causam
940 2644 1015 2667 eam
1048 2634 1247 2678 professum
1275 2644 1371 2675 essa,
1399 2634 1491 2678 quod
1515 2633 1615 2668 nulla
1640 2634 1707 2668 sibi
1732 2632 1776 2667 de
1814 2643 1817 2647 ⁴
1847 2637 1852 2649 ²

322 2681 492 2713 eiusmodi
518 2681 695 2715 sententia
720 2682 839 2715 dicere
867 2686 962 2716 esset
984 2683 1193 2723 necessitas,
1219 2683 1425 2724 praesertim
1453 2691 1557 2726 quum
1583 2691 1648 2725 per
1669 2690 1775 2725 para.-

320 2726 439 2763 bolem
474 2732 509 2760 et
533 2728 682 2763 obscura
709 2727 818 2765 verba
853 2733 888 2762 et
913 2731 1111 2775 aenigmata
1135 2728 1272 2774 prolata
1299 2734 1443 2772 essent,
1479 2738 1526 2762 ne
1554 2728 1614 2774 qui
1638 2727 1775 2763 audiret
1824 2729 1852 2774 53
