1852 3138
237 152 347 204 '358
434 193 438 197 Α
655 156 950 203 mcnrnom
989 128 1294 200 σπι-,ουκ

249 267 471 319 ποιοῦσαι,
512 264 587 308 καί
628 263 731 321 πρός
770 280 815 318 γε
857 262 920 306 ἔτι
970 267 1051 306 τῶν
1103 259 1345 320 ἓτεροφυῶν
1390 265 1707 310 διαστέλλουσιν

250 331 420 374 ου’σιῶν.
477 334 548 375 ἐπί
576 334 624 375 δὲ
642 333 724 386 τῆς
736 331 955 383 μακαρίας,
970 331 1128 386 ἐκείνης
1158 331 1230 372 καί
1259 327 1420 381 ἑνιαίας
1447 328 1596 382 οὐσίας
1621 334 1708 376 θά-

186 397 191 407 “
250 413 368 453 τερον
396 401 486 452 μέν,
515 398 561 441 τὸ
591 399 662 453 τῆς
691 395 930 452 συνθήκης,
961 397 1298 451 α’πηγορευμένον
1338 403 1425 448 τοῖς
1453 401 1587 448 θείοις
1617 402 1707 443 ε’νο-

249 466 384 520 μίσθη
416 467 615 520 πατράσι,
646 463 824 518 θάτερον
858 465 905 505 δέ
926 497 938 516 ,
974 461 1020 503 τὸ
1051 465 1125 517 τῆς
1153 465 1198 505 ἐκ
1226 466 1373 506 πασῶν
1413 466 1497 507 τῶν
1529 469 1706 510 κτιστῶν

252 532 474 585 διαστολῆς
505 530 673 584 οὐσιῶν,
707 531 781 573 καί
798 528 970 587 σφόδρα
1000 531 1298 572 συνδέδοκται·
1354 529 1592 574 ἑνωθεισῶν
1620 533 1740 589 γὰρῧ

251 594 452 651 α’λλὴλαις
484 599 593 652 φησί
618 598 700 639 τῶν
728 598 806 639 δύο
832 596 1001 653 φύσεων
1028 598 1087 646 εἰς
1114 598 1217 650 μίαν
1246 596 1482 639 ὑπόστασιν
1505 601 1582 641 τοῦ
1609 599 1706 642 υἱοῦ

250 665 325 704 τοῦ
353 665 474 716 θεοῦ,
503 662 719 715 σώζεσθαι
759 664 898 706 αὐτῶν
933 662 1011 719 τήν
1039 662 1234 719 ου’σιαὶδη
1270 662 1484 721 διαφοράν
1508 663 1706 722 ὁρίζοντα

150 782 153 785 ⁸
251 726 446 785 θεότητος
474 734 548 772 καί
577 731 912 787 ἄνθρωπότητος.
1576 772 1578 776 .

163 806 237 840 1⁰
390 798 442 838 Τι’
472 797 580 852 πρὸς
607 801 740 840 ταῦτα
770 796 882 855 φῄς,
912 793 948 839 ω’
983 799 1080 854 φίλε
1113 798 1318 851 Θεότιμε,·
1361 794 1388 854 ἦ
1417 799 1517 855 γὰρ’
1540 799 1593 842 oi?
1638 805 1710 844 λε·-

251 865 425 918 ληθέναι
465 865 584 905 δοκεῖ
616 879 684 906 σοι
721 866 871 921 σαφῶς
909 860 1059 907 ἑαυτὸν
1101 864 1122 906 0‘
1153 869 1372 919 Παλαμᾶς
1399 863 1709 922 βακχικώτερον
1723 877 1767 913 10

253 927 356 987 κατὰ
389 928 489 979 τούς
518 935 797 985 μαινομένους
827 930 981 986 τρόπον
1011 937 1102 981 ταῖς
1121 933 1259 982 θειάις
1291 938 1478 988 γραφαῖς
1508 931 1708 988 προσιαίν,
1811 924 1814 930 ’

252 998 327 1037 καί
352 999 638 1050 μεθαρμόζων
668 995 867 1051 ἀμούσως
905 1000 977 1040 καί
1003 997 1149 1053 πόρρω
1193 1002 1304 1040 θέων
1332 1000 1533 1054 βαλβίδος
1561 1001 1708 1054 εἰπεῖν,

75 1067 108 1104 5.
125 1065 191 1102 169
203 1077 239 1102 v.
253 1063 341 1111 πῶς
369 1064 448 1115 μὲν
472 1061 577 1106 ἑκών
606 1067 694 1114 πιὸς
723 1065 762 1106 δ’
793 1065 875 1118 οὐχ
896 1060 1014 1118 ἓκαὶν,
1046 1067 1119 1107 καί
1133 1067 1288 1121 ,ιιηδέσι
1316 1069 1577 1122 συμφωνῶν,
1603 1067 1709 1122 μήτε

253 1134 339 1176 τοῖς
369 1129 535 1180 οἰκείοις
573 1133 646 1173 καί
686 1129 975 1185 ὃμογνιόμοσιν
1020 1128 1138 1191 αὐτῷ
1179 1131 1251 1188 την
1293 1135 1576 1188 δυσσέβειαν,
1605 1132 1710 1189 μήτε
1839 1185 1843 1190 Δ

166 1206 235 1242 12
250 1200 339 1244 ’τοῖς
370 1195 622 1252 dvm-95:014,
649 1197 757 1252 μήθ’
786 1195 952 1256 ἐαυτῷς
981 1201 1022 1242 εἰ
1048 1200 1094 1241 δὲ
1112 1200 1275 1253 βούλει,
1304 1198 1458 1254 μικρὸν
1482 1201 1710 1253 ἀναμείνας
1724 1208 1767 1243 15
1827 1227 1829 1234 2

252 1262 412 1320 α’κούσῃ
451 1265 523 1306 καὶ
548 1262 577 1306 ἃ
606 1264 762 1319 μεταξὺ
792 1269 922 1320 λέγων
968 1266 989 1308 ὅ
1021 1268 1241 1322 Γρηγορᾶς
1273 1268 1371 1321 περί
1397 1269 1469 1323 τῆς
1497 1269 1574 1310 τοῦ
1607 1271 1711 1311 Πα-

252 1331 367 1382 aaa&
397 1335 616 1382 κακονοίας
648 1333 942 1387 συνελογίσατό
973 1348 1019 1375 τε
1046 1336 1118 1376 καί
1144 1334 1401 1389 α’πεφήνατο.
1463 1336 1598 1377 ἐκεῖνα
1629 1337 1708 1388 μὲν

250 1395 330 1451 γάρ
361 1413 490 1454 φησιν
509 1400 561 1440 ου’
580 1401 811 1455 προσίεται,
844 1399 994 1452 δεδιώς
1022 1401 1089 1444 τὸν
1110 1399 1294 1444 αὐτόθεν
1314 1402 1403 1444 κατ’
1435 1402 1570 1444 αὐτοῦ
1596 1402 1708 1459 φυό-

251 1478 380 1517 μενον
411 1461 581 1520 ἔλεγχον
610 1468 655 1508 ἐκ
684 1468 760 1507 τοῦ
798 1467 958 1522 εὐθέος,
990 1464 1064 1510 ἅτε
1097 1466 1298 1511 σύνθεσιν
1328 1466 1454 1517 αὐτὸς
1498 1467 1604 1511 κατὰ
1634 1471 1709 1524 τῆς

251 1531 373 1581 θείας
402 1529 578 1574 ἐπινοῶν
618 1532 692 1574 καί
720 1536 851 1587 λέγων
883 1531 1051 1585 οὖσιάς·
1119 1538 1251 1578 ταῦτα
1282 1537 1319 1577 δ’
1358 1531 1417 1578 αὖ
1444 1535 1576 1593 λη’θης
1603 1533 1768 1580 ἑκώνῖθ
1823 1565 1827 1567 -

187 1655 190 1658 Α
251 1601 522 1653 παραπέμπει
551 1603 723 1655 βυθοῖς,
766 1597 841 1643 ἅτε
872 1600 945 1644 καί
982 1602 1130 1652 αὐτοῖς
1169 1600 1482 1656 ἐναντιούμενος
1513 1599 1709 1658 ἄντικρυς

253 1665 322 1707 καὶ
366 1669 497 1726 λέχων
538 1666 612 1709 καί
637 1668 828 1723 γράφων.
897 1671 1176 1725 μεμενηκέναι
1213 1669 1292 1726 γὰρ
1340 1669 1361 1710 ὅ
1400 1666 1517 1724 ἅγιος
1546 1667 1630 1726 ἔφη
1659 1667 1707 1711 τὸ

251 1730 425 1789 ἀόρατον
455 1732 639 1790 α’όρατον
668 1733 739 1777 καί
767 1733 813 1776 τὸ
842 1735 1154 1791 α’περίγραπτον
1183 1736 1520 1792 α’περίγραπτον,
1557 1738 1631 1778 καί
1657 1734 1706 1779 τὸ

255 1972 348 2016 quod
375 1976 491 2005 autem
515 1972 652 2006 beatam
678 1972 774 2007 illam
803 1979 838 2008 et
865 1974 1004 2008 unicam
1032 1975 1232 2016 essentiam,
1257 1973 1370 2008 altera
1396 1974 1607 2019 compositio
1638 1975 1707 2008 iam

255 2019 321 2052 aS.
334 2018 369 2053 S.
395 2019 552 2062 patribus
578 2020 725 2063 probata
751 2026 816 2062 est,
844 2021 956 2055 altera
981 2021 1024 2055 ab
1050 2021 1211 2055 omnibus
1238 2021 1366 2054 creatis
1394 2021 1558 2055 essentiis
1583 2022 1708 2055 seiun-

255 2066 325 2099 ctio
352 2065 583 2101 vehementer
608 2068 765 2112 quadrat.
815 2079 894 2102 nam
921 2069 1064 2103 duarum
1091 2068 1155 2102 filii
1181 2069 1238 2102 dei
1261 2073 1461 2101 naturarum
1487 2069 1581 2101 inter
1605 2078 1645 2102 se
1669 2070 1706 2102 in

254 2123 357 2194 unzin
388 2123 575 2157 personam
603 2115 869 2149 coniunctarum
896 2126 1039 2150 manere
1065 2115 1291 2161 essentialem
1317 2115 1538 2158 varietatem,
1565 2112 1704 2149 deitatis

254 2164 289 2193 et
337 2161 548 2194 umanitatis.

387 2219 478 2261 Quid
511 2219 554 2253 ad
584 2220 677 2254 <haec
701 2221 810 2264 dicis,
835 2222 1048 2256 amicissime
1074 2220 1283 2256 Theotime?
1330 2231 1450 2255 nonne
1475 2220 1539 2254 tibi
1566 2220 1706 2256 videtur

253 2265 411 2299 Palamas
437 2265 564 2310 palam,
589 2268 666 2312 ipse
691 2268 781 2302 nihil
807 2270 1017 2313 suspicatur,
1043 2269 1212 2303 bacchico
1241 2269 1441 2302 insanorum
1465 2278 1564 2302 more
1590 2278 1707 2302 sacras

255 2314 445 2356 scripturas
472 2314 569 2347 adire
604 2320 639 2348 et
676 2315 818 2349 indocte
857 2316 1072 2350 concludens
1098 2316 1186 2350 fines
1211 2315 1303 2349 ultra
1328 2314 1473 2349 dicere?
1522 2320 1707 2359 spontane,

256 2370 299 2393 an
327 2370 399 2393 non
425 2366 563 2404 sponte,
589 2372 671 2395 num
698 2373 774 2395 cum
802 2373 976 2408 quoquam
1004 2363 1251 2404 consentiens,
1278 2372 1323 2405 an
1347 2372 1413 2396 nec
1447 2372 1524 2395 cum
1553 2361 1708 2396 familia·-

256 2406 353 2440 ribus
378 2417 496 2452 neque
523 2408 716 2452 impietatis
743 2410 850 2443 sociis
879 2421 947 2444 nec
972 2421 1049 2444 cum
1067 2409 1279 2444 adversariis
1304 2419 1372 2442 nec
1385 2419 1461 2442 cum
1487 2408 1707 2452 semetipso?

256 2454 285 2488 si
310 2455 437 2487 morari
463 2454 645 2499 paulisper
679 2456 770 2490 velis
789 2482 799 2499 ,
834 2458 955 2491 audias
989 2467 1079 2502 quae
1108 2457 1247 2490 interim
1273 2456 1447 2500 Gregoras
1476 2456 1520 2489 de
1547 2455 1706 2489 Palamae

256 2500 405 2535 stultitia
431 2501 607 2536 conclusit
633 2507 667 2536 et
692 2503 851 2547 protulit.
902 2503 965 2538 illa
992 2504 1144 2549 quidem,
1170 2503 1295 2547 inquit,
1314 2512 1386 2536 non
1406 2503 1612 2546 aggreditur
1638 2512 1706 2536 ve-

255 2557 336 2581 rens
362 2557 407 2580 ne
437 2548 518 2581 inde
545 2554 667 2583 contra
704 2561 743 2584 se
774 2551 888 2584 statim
925 2552 1096 2585 existeret
1135 2555 1395 2594 argumentum,
1435 2550 1528 2594 quod
1565 2550 1641 2593 ipse
1669 2549 1706 2582 in
1847 2553 1852 2596 ,³-

256 2594 387 2627 deitate
426 2596 716 2638 compositionem
757 2598 890 2642 cogitat
928 2604 963 2631 et
996 2598 1143 2642 profert.
1196 2598 1283 2629 haec
1311 2606 1397 2630 vero
1423 2597 1459 2629 in
1486 2595 1705 2631 oblivionem

255 2647 381 2684 sponte
406 2643 513 2675 mittit
538 2643 667 2687 quippe
695 2645 738 2676 iis
763 2655 965 2689 repugnans
998 2650 1032 2678 et
1059 2644 1161 2678 dictis
1191 2649 1226 2677 et
1253 2643 1406 2686 scriptis.
1446 2653 1590 2676 manere
1613 2643 1705 2675 enim

255 2693 398 2723 sanctus
423 2688 509 2721 dicit
533 2690 716 2724 invisibile
745 2691 940 2733 invisibile,
970 2691 1142 2725 infinitum
1168 2690 1353 2732 infinitum,
1382 2690 1577 2723 increatum
1603 2689 1704 2722 simi-

257 2734 341 2777 liter
366 2739 611 2772 et-acteruum-
631 2742 666 2771 et
696 2739 745 2773 ita
769 2743 1061 2782 manere-aperte
1079 2733 1228 2773 'duarum
1253 2743 1453 2773 nummum
1479 2735 1704 2773 essentialem

253 1924 318 1959 sub
343 1924 417 1959 vita
445 1929 525 1959 sunt
552 1924 732 1961 formando
759 1930 976 1971 componunt
1013 1932 1048 1961 et
1072 1938 1092 1961 a
1125 1926 1277 1962 diversis
1305 1926 1471 1961 essentiis
1500 1927 1704 1973 seiungunt.
1832 1949 1852 2120 η
