1760 3138
141 165 174 213 6
218 216 222 219 Α
540 169 839 220 MGEPHORI
884 170 1189 214 GREGORAE

859 275 870 290 t

144 277 226 318 τῶν
266 274 592 332 Καλλιστρᾶτου
636 279 799 321 παίδων
850 294 870 319 ο
913 276 1222 332 πρεσβύτερος·
1299 275 1604 332 Ἀγαθάγγσλος

145 336 278 397 ὄνομα
305 343 467 400 τάνδρί.
524 345 666 404 χρόνῳ
695 361 739 400 γε
778 345 861 400 μὴν
892 340 1072 393 ἓαυτούς
1101 345 1374 401 ἀνειληφότες
1401 339 1603 399 ἑκάτεροι,

143 405 357 465 ἑκατέροις
377 412 458 453 τῶν
489 411 650 453 οἰκείων
679 412 908 465 ἐχρώμεθα
942 409 1208 461 διδασκάλοις
1239 410 1520 466 διηγημάτων,
1547 411 1600 452 τά

141 491 187 517 τε
214 472 321 518 ἄλλα
351 479 425 520 καί
455 475 556 526 ὅσας
585 479 666 519 τῶν
697 476 862 533 οἷδήλων
890 477 1210 531 συμπτωμάτων
1239 476 1285 519 αἱ
1322 477 1451 531 τύχαι
1481 482 1603 518 κεκο-

141 545 290 596 μι’κασι
318 546 369 602 τῇ
396 560 440 599 γε
465 546 542 586 τοῦ
559 546 662 586 θεοῦ
688 543 882 603 ἐκκλησίᾳ
912 543 984 586 καί
1011 542 1100 597 ἅμα
1127 548 1215 594 τοῖς
1235 548 1460 593 πολιτικοῖς
1489 541 1634 600 πρά-δ

141 625 274 664 γμασι
303 610 380 660 τοὶς
408 613 650 667 συμφοράς,
677 612 755 653 τοῦ
783 613 887 653 θεοῦ
920 609 1286 666 συγκεχωρηκότος
1317 608 1384 652 διά
1403 608 1494 666 [τήν
1520 610 1602 654 τῶν

146 674 335 731 πατρίων
362 679 433 731 τῆς
462 678 678 731 εὐσεβείας
708 678 930 734 δογμᾴτων
956 678 1169 733 ἀθέτησιν,
1199 674 1248 732 ἢν
1278 676 1378 719 ου’δὲ
1399 677 1447 718 σὲ
1476 680 1603 732 λελη-

145 743 267 783 θέναι
298 743 418 784 δοκεῖ
440 758 538 797 μοι,
567 742 694 797 ἔγωγε
722 742 930 800 ἔφασκον·
972 741 1032 785 ἔτι
1062 742 1143 798 γάρ
1174 746 1377 786 ἐνταυθοῖ
1403 741 1608 796 παρεῖναί

141 822 188 850 σε
217 809 448 864 μέμνημαι,
478 813 552 853 και·
580 811 736 853 εἰδέναι
765 811 914 867 σαφῶς
937 813 1156 864 Παλαμᾶν
1186 808 1335 852 κύοντα
1365 810 1442 862 μὲν
1470 806 1527 851 ἔτ’
1557 810 1603 851 ἐν

139 876 294 930 γαστρὶ
329 877 555 932 μοχθηρά,
594 879 667 919 καί
708 877 911 919 ω’δίνοντα
947 876 997 919 τοὶ
1039 879 1110 931 τῆς
1150 877 1382 924 πολυθεΐας
1410 871 1661 928 ἅμα,και“10

141 939 292 991 α’θεῖας
323 941 548 997 δόγματα,
577 943 667 986 ἔστι
699 945 738 985 δ’
767 938 817 984 οὗ
847 943 918 985 καί
947 941 1266 998 ἐξερευγόμενον
1292 940 1501 984 ταῦτάτε
1532 942 1605 983 καί

142 1003 225 1051 ὅσα
255 1013 343 1059 τοῖς
371 1010 503 1052 πάλαι
539 1010 753 1066 σποράδην
783 1011 855 1052 καί
882 1010 985 1052 κατὰ
1031 1008 1266 1066 διαφόρους
1297 1006 1396 1057 τοὺς
1421 1001 1604 1063 χρόνους

142 1074 345 1129 αἱρέσεως
373 1071 548 1132 εὕρηται
592 1078 794 1131 πολυειδῆ
823 1079 968 1125 κακίας
1002 1076 1300 1130 ὑπομνήματα.
1370 1071 1399 1116 ἃ
1428 1072 1501 1116 καί
1526 1089 1604 1127 μια-

139 1139 240 1196 κρόν
268 1137 440 1197 ὕστερον
467 1145 752 1199 γεγέννηκὲτε
781 1142 823 1192 ἐς
848 1146 1057 1197 προῦπτον
1083 1144 1156 1184 καί
1184 1140 1365 1197 ἔθρεψε,
1392 1156 1602 1194 μαιευσα-
1630 1191 1631 1198 ¹

138 1208 279 1260 μένων
307 1211 390 1250 τῶν
433 1211 659 1264 τηνικαῦτα
701 1212 947 1262 δυναμένων
987 1207 1103 1264 ἄγειν
1129 1211 1202 1250 καί
1240 1211 1383 1264 φέρειν
1411 1204 1462 1250 τοὶ
1493 1206 1604 1262 τιριιὶώι
1618 1217 1661 1252 15

140 1289 292 1328 γματα.
351 1274 416 1316 διὸ
448 1275 522 1317 καί
548 1275 788 1334 καθῄρηται
833 1278 910 1329 μὲν
941 1275 985 1319 τὸ
1015 1278 1122 1330 μέγα
1156 1277 1228 1317 καί
1262 1274 1509 1330 περιβόητον
1530 1277 1603 1318 τέ-’

139 1355 292 1393 μενοςδ
333 1339 652 1399 συγκαθῄρηται
693 1345 732 1384 δ’
761 1339 851 1396 ἅμα
881 1344 997 1400 αὐτῷ
1024 1345 1098 1385 καί
1135 1341 1180 1385 τὸ
1212 1345 1328 1384 θεῖον
1359 1343 1490 1384 ἐκεῖνο
1518 1337 1615 1384 θυζ

139 1408 396 1463 σιαστὴριον,
428 1411 505 1450 τοῦ
536 1411 642 1451 θεοῦ
671 1412 995 1466 ζωγραφοῦντας
1034 1409 1078 1452 ἐν
1119 1411 1259 1458 αὐτοῖς
1288 1410 1365 1464 τὴν
1392 1407 1522 1463 ὄργῆν
1552 1406 1603 1464 ἢν

140 1471 210 1515 διὰ
243 1472 289 1515 τό
321 1476 394 1529 τῆς
415 1476 612 1528 οἷσεβειάς
639 1477 792 1531 ταύτης
824 1475 945 1529 ἔσχεν
976 1478 1192 1529 ἀθέμιτον.
1251 1477 1344 1518 ἐπεὶ
1373 1477 1420 1517 δὲ
1446 1473 1494 1516 τό
1523 1477 1601 1528 μὲν

141 1538 265 1581 καλὸν
295 1547 430 1583 ποιεῖν
471 1545 687 1597 προϊοῦσιν
720 1543 848 1598 ἀπῆν,
876 1543 922 1585 τὸ
964 1546 1009 1584 δὲ
1052 1541 1178 1585 κακὸν
1219 1543 1386 1585 ἀπεῖναι
1428 1541 1505 1582 οὔκ
1535 1536 1659 1596 ἧν,20

143 1605 424 1662 ἀνατρέπεται
453 1613 524 1651 καί
551 1616 771 1665 συγχεῖται
800 1613 995 1666 διηνεκῶς
1024 1613 1075 1652 τὰ
1097 1610 1318 1663 Ῥωμαίων
1351 1609 1460 1665 ὅραῖν
1488 1608 1599 1665 πρά-

141 1688 293 1728 γματα,
320 1675 392 1717 καί
419 1674 462 1717 τὸ
494 1678 719 1730 νενόμενον-
740 1680 812 1732 τῆς
843 1680 963 1726 θειάς
993 1677 1120 1732 ὀργῆς
1147 1676 1222 1718 οὐκ
1252 1674 1428 1731 ἔγνωκεν
1456 1677 1602 1732 α’πρα-

139 1877 297 1911 alienum
320 1877 474 1911 abiiciat.
510 1878 608 1912 affuit
637 1885 751 1912 autem
776 1880 1058 1924 Agaffiangelus,
1087 1879 1280 1915 Callistrati
1308 1879 1461 1914 filiorum
1489 1882 1601 1915 maior

138 1929 235 1958 natu.
287 1935 391 1969 quum
420 1935 506 1958 vero
537 1931 685 1970 uterque
710 1932 868 1970 tempore
897 1928 1045 1960 animum
1076 1928 1293 1970 recepisset,
1322 1927 1412 1961 alter
1442 1938 1519 1962 cum
1542 1929 1600 1962 al..

138 1976 217 2005 tero
247 1981 328 2005 suas
355 1973 575 2008 narrationes
604 1974 882 2007 communicabat
908 1984 1011 2018 quum
1038 1974 1080 2007 de
1107 1973 1186 2007 aliis
1214 1973 1320 2007 rebus
1349 1979 1420 2007 tum
1447 1977 1600 2010 maxime

140 2019 184 2052 de
210 2018 480 2061 calamitatibus,
511 2030 596 2063 quas
627 2020 767 2053 fortuna
796 2022 940 2054 incertis
957 2021 1094 2054 casibus
1124 2020 1183 2053 dei
1215 2020 1391 2054 ecclesiae
1420 2021 1599 2068 rebusque

138 2061 292 2110 publicis
317 2065 516 2108 inflixisset,
546 2067 611 2099 deo
643 2077 701 2100 eas
729 2067 931 2101 admittente
963 2068 1007 2100 ob
1037 2068 1260 2100 eversionem
1284 2069 1477 2114 patriorum
1506 2069 1598 2103 reli-

165 2113 257 2146 ionis
285 2112 496 2156 dogmatum,
527 2124 627 2157 quam
652 2125 697 2146 ne
726 2114 789 2147 tibi
820 2115 1123 2159 quidem,inquam
1149 2124 1229 2158 ego,
1257 2115 1411 2159 ignotam
1439 2126 1517 2150 esse
1535 2127 1596 2151 ar..

138 2122 262 2193 gurm.
326 2159 467 2192 memini
498 2161 588 2202 enim
627 2166 661 2193 te
690 2166 773 2194 tunc
804 2163 971 2205 temporis
1001 2161 1142 2194 affuisse
1172 2166 1207 2193 et
1232 2167 1396 2195 accurate
1420 2162 1595 2197 Palamam

140 2207 368 2251 cognovisse,
397 2217 500 2250 quum
530 2218 727 2251 praegnans
744 2209 808 2241 iste
821 2208 925 2241 rebus
952 2208 1165 2241 calamitosis
1180 2208 1343 2253 dogmata
1367 2209 1596 2253 polytheismi

139 2252 314 2297 simulque
332 2253 492 2286 atheismi
512 2255 714 2297 parturiret,
741 2256 912 2288 interdum
932 2266 1018 2289 vero
1041 2256 1142 2288 etiam
1160 2265 1230 2288 non
1250 2255 1363 2288 solum
1390 2256 1477 2290 haec
1490 2268 1597 2292 eruc-

138 2305 251 2342 taret,
288 2300 350 2334 sed
381 2301 483 2333 etiam
518 2301 750 2335 multiformes
780 2308 884 2347 atque
911 2303 1024 2335 varias
1042 2302 1313 2346 improbitates,
1348 2314 1438 2348 quae
1467 2306 1596 2348 passim

141 2353 246 2392 atque
274 2347 426 2381 diversis
454 2348 670 2391 temporibus
704 2359 723 2382 a
751 2349 930 2383 veteribus
965 2349 1153 2383 haereticis
1183 2350 1349 2383 inventae
1384 2356 1490 2395 atque
1518 2363 1596 2386 me..

140 2398 296 2428 moratae
322 2399 414 2428 sunt.
480 2394 572 2428 haud
597 2396 645 2429 ita
674 2396 783 2429 multo
818 2402 898 2439 post
927 2407 968 2429 ea
1003 2397 1142 2440 peperit
1170 2402 1274 2441 atque
1303 2398 1339 2431 in
1364 2397 1479 2431 lucem
1508 2409 1596 2443 pro-

140 2442 240 2475 duxit
266 2441 586 2476 obsecundantibus
616 2439 674 2484 iis{
705 2444 763 2487 qui
788 2448 871 2476 tunc
896 2454 959 2477 suo
985 2441 1128 2477 arbitrio
1152 2444 1269 2476 omnia
1291 2445 1467 2478 moderari
1491 2451 1597 2490 pote-

138 2494 229 2522 rant.
258 2498 366 2532 quare
392 2499 555 2522 eversum
585 2495 638 2523 est
663 2490 847 2523 maximum
878 2496 982 2534 atque
994 2490 1262 2524 celeberrimum
1287 2492 1468 2536 templum,
1489 2503 1596 2527 ever-

140 2545 216 2570 sum
242 2541 296 2568 est
323 2546 458 2569 sacrum
476 2535 564 2570 illud
588 2536 699 2570 altare
724 2538 789 2570 deo
820 2538 904 2570 iram
932 2548 1035 2580 suam*
1050 2539 1084 2570 in
1095 2536 1193 2571 hisce
1217 2537 1322 2571 rebus
1348 2539 1595 2583 adumbrante‚

141 2591 243 2627 quam
259 2582 303 2615 ob
331 2583 501 2616 nefariam
529 2583 617 2617 hanc
642 2584 857 2627 impietatem
884 2586 1059 2629 concepit.
1087 2595 1192 2629 quum
1220 2590 1336 2618 autem
1361 2587 1404 2619 iis
1435 2587 1597 2631 iampro-

142 2630 291 2663 cedente
319 2635 479 2674 tempore
505 2630 653 2665 honeste
678 2641 785 2676 agere
808 2642 879 2664 non
906 2631 1046 2674 liceret,
1075 2632 1137 2665 sed
1163 2631 1321 2675 improba
1346 2633 1503 2667 facinora
1525 2644 1597 2668 non

143 2680 290 2721 possent
313 2687 385 2710 non
411 2678 528 2719 edere,
561 2678 689 2710 sactum
716 2684 768 2711 est
792 2684 830 2711 ut
859 2684 1030 2722 perpetuo
1061 2689 1117 2712 res
1143 2677 1299 2712 Romana
1322 2680 1534 2724 diriperetur
1564 2687 1610 2728 et*

141 2723 425 2766 conturbaretur,
451 2734 567 2768 neque
598 2735 747 2769 unquam
783 2725 838 2758 dei
870 2728 920 2758 ira
954 2736 1066 2770 usque
1091 2727 1323 2770 progrediens
1354 2728 1540 2771 quiescere
1562 2729 1598 2762 in
