1826 3120
307 129 605 182 nis-tonum
640 128 984 182 BYzAN'rmAE
1023 130 1148 182 xxx.
1173 113 1421 195 62—65.
1513 121 1609 171 313

134 238 189 301 ἦν
217 242 292 287 κατ’
333 239 476 300 ἔσται,
514 241 615 290 θεὸς
657 239 836 296 ἰσχυρὸς
864 227 1028 288 ’δίκαιος
1069 231 1284 296 ὄκτιστος,
1323 233 1507 296 ἀλήθεια
1540 250 1611 278 σο-

137 314 226 369 φία·
248 310 431 364 δύναμις
461 307 545 365 ζωὴ
577 310 669 366 φῶς
701 310 891 363 ἐνέργεια
920 309 992 350 καί
1018 304 1067 349 τά
1099 307 1287 351 τοιαῦτα.

218 379 387 432 Ἐπείγε
402 375 488 431 μῆν
505 379 551 420 ἐκ
571 378 652 420 τῶν
670 377 832 419 οἰκείων
851 372 1053 431 ῥημάτων
1075 389 1118 416 τε
1140 374 1214 415 καί
1229 373 1491 427 γραμμάτων
1514 369 1612 414 ἇλι-
1626 387 1701 421 04

137 446 342 501 σκόμενον
373 443 394 487 ὃ
421 445 641 498 Παλαμᾶς
669 441 819 486 ἑαυτὸν
846 438 958 499 ἑώρα
986 443 1198 496 διηνεκῶς,
1221 439 1327 481 “οι’κ
1355 441 1399 482 ἐν
1427 438 1617 496 ῥήμασι”

104 514 284 572 δφησίν,
307 510 431 555 “οὖδ’
459 508 600 561 ἅπλῶς
627 513 672 553 ἐν
699 509 967 565 γράμμασιν,
996 505 1088 550 ἀλλ’
1118 510 1160 550 ἐν
1191 504 1436 562 πράγμασιν
1452 506 1569 561 ἡμῶν
1586 505 1614 561 ἤ

137 581 335 634 εὐσέβεια
365 577 470 622 κατοῖ
493 577 593 628 τούς
613 575 875 632 θεολόγους.”
904 575 1058 632 μικρὸν
1086 570 1162 618 οὖν
1189 573 1378 629 ἐπισχών
1405 573 1426 615 ὅ
1447 576 1615 629 Γρηγο-

137 650 219 705 ρᾶς
243 642 269 660 “
283 646 350 691 ιὀὑ
382 643 483 690 2²01*aen
531 648 662 702 φησίν
698 642 797 699 “viic
837 642 1133 700 ἄβελτηριάς.”
1198 642 1270 684 καί
1309 640 1475 684 ἀπιδών
1508 640 1615 695 πρὸς

107 711 269 760 καῦτόν
293 709 410 757 “slva
442 712 673 762 ἐλάνθανες
710 710 844 768 ἧμᾶς”
884 713 992 767 φησί
1015 707 1315 766 “λασιο’κωφός
1356 725 1420 759 τις
1461 704 1519 750 ὢν
1544 707 1617 751 καί
1650 754 1654 758 ,
1690 760 1701 765 -

139 779 316 838 α’νῆκοος
348 781 421 828 καί
448 779 694 822 παντάπασι
723 782 798 835 τῆς
829 781 914 821 τῶν
944 781 1072 821 θείων
1101 780 1280 834 γραφῶν
1311 776 1615 831 διδασκαλικῆς

43 844 55 850 ’
81 845 286 904 1οἓορτῆς
310 863 353 890 τε
399 846 472 890 καί
512 844 812 903 πανηγύρεως,
850 848 921 888 καί
951 845 1305 900 μετεγκεντρίζων
1347 846 1390 895 ἐξ
1421 844 1615 897 ἀμαθίας
1649 861 1663 869 s

138 913 321 966 ἄλλοθεν
364 913 515 958 ἄλλοθι
560 914 634 957 τὸν
681 911 850 958 ἅπαντα
894 915 991 956 νοῦν
1034 911 1108 955 καί
1142 911 1298 955 σκοπὸν
1324 914 1400 968 τῆς
1429 914 1614 968 γραφῆς.

135 986 262 1030 τοῦτο
285 981 368 1039 γὰρ
397 981 420 1025 ὅ
448 984 582 1038 μέγας
600 985 656 1036 ,ἐν
688 984 886 1039 scotoma
914 980 1067 1038 φάσκει
1096 976 1344 1037 Γρηγόριος,
1372 978 1424 1023 τὰ
1457 983 1616 1023 Διονυ-

139 1054 218 1109 οίῳ
248 1051 306 1108 τῷ
335 1053 439 1107 θείῳ
485 1051 695 1104 λεχθέντα
742 1048 1133 1104 διαβεβαιούμενος,
1169 1043 1310 1101 οἶμαι,
1342 1049 1417 1090 καί
1444 1063 1616 1102 συγχω-

139 1119 228 1174 ρῶν
273 1119 347 1160 καί
394 1114 519 1166 αὕτός
567 1119 642 1160 καί
681 1115 808 1160 οἷονεί
856 1114 1195 1171 προτρεπόμενος
1242 1116 1488 1172 οἰκονομικῷ
1533 1112 1617 1157 τινὶ

84 1197 127 1233 15
140 1184 282 1243 τρόπῳ
313 1185 469 1240 καιροῦ
496 1187 724 1236 καλοῦντος
756 1184 862 1241 πρὸς
885 1183 985 1233 τούς
1023 1185 1104 1226 τῶν
1131 1171 1344 1238 ὅμιλητῶν
1378 1181 1617 1238 διαφόρους

138 1252 216 1303 τοὶς
235 1253 405 1307 γνώμας
434 1255 509 1295 καί
525 1253 699 1306 γνώσεις
728 1254 982 1307 κεχρῆσθαι,
1014 1250 1086 1293 καί
1111 1249 1266 1305 μικρὸν
1285 1250 1498 1293 ἐνδιδόναι
1531 1255 1619 1299 τοῖς

140 1319 368 1377 διαφόροις
398 1321 481 1363 τῶν
510 1318 783 1376 προσιόντων.
800 1316 926 1376 ἤθεσι
946 1322 1000 1361 δι’
1024 1320 1208 1374 α’ναγκην
1227 1317 1376 1371 ἐνίοτε,
1401 1312 1510 1359 ὥστε
1540 1314 1618 1370 τῆν

139 1387 185 1432 ἐν
213 1393 299 1437 τοῖς
339 1388 520 1443 καιρίοις
561 1390 633 1443 τῆς
675 1389 855 1437 πίστεως
886 1387 1138 1441 ὁμολογίαν,
1179 1387 1220 1428 εἰ
1255 1387 1327 1427 καί
1351 1383 1410 1440 μή
1445 1386 1703 1438 λέξεσιν,35

141 1452 248 1498 α’λλά
276 1471 322 1511 γε
351 1461 445 1505 ταῖς
478 1458 657 1504 ἐννοίαις
675 1453 967 1512 φυλάττεσθαι
987 1452 1280 1507 ἀπαράβατον.
1340 1454 1384 1494 ἑν
1420 1445 1480 1500 οἷς
1510 1452 1617 1501 ἐξεῖ-

81 1522 217 1570 2οναί
237 1539 344 1579 φησι
373 1525 496 1578 τήνδε
530 1519 556 1578 ἢ
582 1522 707 1577 τήνδε
735 1523 809 1577 τὴν
829 1524 939 1573 λέξιν
970 1523 1043 1563 κατ’
1072 1522 1126 1562 δι’
1161 1516 1313 1576 ἑτέρων
1333 1515 1618 1573 ὄμοδυνάμων

86 1599 95 1607 ’
139 1591 213 1635 καί
229 1593 604 1648 ἐκφαντικωτέρων
621 1594 772 1643 λέξεων
793 1592 1021 1647 διασαφεῖν
1041 1587 1114 1631 τὸν
1135 1590 1354 1644 θεοπρεπῆ
1374 1582 1543 1642 τρόπον.
1569 1582 1621 1627 ου’

140 1660 212 1702 δεῖ
232 1661 292 1712 δέ,
327 1657 457 1716 φησίν
487 1657 768 1711 Ἀθανάσιος,
799 1655 851 1699 τοὶ
884 1659 973 1700 κατ’
1004 1657 1243 1709 οἰκονομίαν
1271 1654 1523 1712 γραφόμενα
1548 1651 1623 1697 καί

137 1725 335 1782 γινόμενα
354 1727 559 1781 δέχεσθαι
580 1725 847 1782 κακοτρόπως
869 1723 940 1768 καὶ
963 1722 1068 1780 πρὸς
1084 1722 1156 1780 τὴν
1174 1724 1286 1766 ἰδίαν
1308 1723 1442 1773 ἕλκειν
1458 1718 1620 1777 βούλη-

141 1864 230 1899 deus
254 1867 383 1909 potens
411 1863 526 1898 iustus
549 1862 730 1897 increatus
756 1862 892 1897 veritas
921 1861 1097 1907 sapientia
1118 1861 1174 1896 vis
1201 1860 1276 1895 vita
1303 1859 1424 1894 lumen
1452 1859 1619 1894 efficien-

159 1913 210 1947 tia
239 1911 411 1956 taliaque.

279 1959 367 1995 eum
407 1963 524 1993 autem
552 1959 625 1993 suis
660 1959 773 2003 ipsius
800 1957 921 1992 verbis
962 1963 996 1992 et
1032 1957 1174 2001 scriptis
1202 1957 1278 2001 capi
1307 1955 1465 1990 Palamas
1492 1966 1532 1989 se
1558 1956 1619 1989 vi..

143 2001 246 2043 deret
279 2007 475 2049 continuo,
514 2017 587 2040 non
631 2007 667 2040 in
709 2006 850 2047 verbis,
882 2006 1018 2050 inquit,
1056 2016 1174 2050 neque
1210 2005 1352 2038 omnino
1389 2004 1425 2037 in
1462 2003 1617 2048 scriptis,

142 2054 269 2090 sedin
298 2054 405 2089 rebus
439 2055 571 2088 nostris
610 2055 725 2098 pietas
759 2054 917 2099 cernitur
953 2054 1146 2087 secundum
1179 2052 1384 2096 theologos.
1434 2051 1618 2095 paululum

142 2103 254 2148 igitur
279 2107 436 2137 moratus
464 2102 666 2147 Gregoras:
706 2112 793 2145 pro,
821 2102 949 2145 inquit,
977 2100 1163 2135 stultitiam
1180 2124 1191 2142 ,
1219 2105 1254 2133 et
1278 2099 1482 2143 despiciens
1511 2110 1616 2132 eum:

145 2159 232 2195 ergo
261 2149 424 2196 fugiebat
458 2159 538 2192 nos,
574 2150 708 2194 inquit,
738 2155 772 2182 te
806 2159 886 2182 esse
913 2149 1048 2182 aurium
1086 2148 1288 2181 obtusarum
1333 2152 1368 2180 et
1409 2147 1550 2181 surdum
1584 2151 1620 2180 et

146 2198 294 2232 omnino
319 2199 481 2242 ignarum
502 2197 710 2231 festivitatis
738 2201 771 2230 et
790 2196 1044 2229 celebrationis
1060 2196 1185 2229 doctae
1202 2195 1373 2229 librorum
1401 2195 1617 2236 divinorum,

145 2250 182 2280 et
206 2245 397 2280 inserendo
427 2250 462 2279 et
476 2245 741 2288 transponendo
760 2244 903 2277 aliunde
919 2243 1005 2277 alibi
1022 2249 1232 2287 pervertere
1252 2243 1455 2287 ignorantia
1481 2252 1618 2276 omnem

144 2303 287 2328 semum
314 2299 350 2327 et
376 2303 481 2326 omne
512 2293 700 2326 consilium
728 2290 952 2335 scripturae?
1011 2291 1078 2324 hoc
1117 2291 1208 2324 enim
1234 2300 1383 2335 magnus
1409 2290 1445 2323 in
1471 2289 1619 2323 theolo-

143 2341 204 2386 gia
228 2340 316 2375 dicit
346 2340 541 2384 Gregorius
569 2351 611 2374 ea
639 2342 730 2385 q'uae
757 2350 776 2373 a
806 2339 978 2382 Dionysio
1004 2339 1125 2372 divino
1162 2339 1254 2371 dicta
1281 2343 1363 2371 sunt
1393 2337 1619 2378 confirmans,

143 2393 252 2433 puto,
291 2393 328 2421 et
352 2388 555 2422 concedens
574 2423 576 2425 ,
594 2393 629 2421 et
657 2389 733 2431 ipse
762 2392 796 2420 et
821 2387 1075 2431 quodammodo
1116 2385 1306 2420 adhortans
1328 2390 1366 2418 ut
1390 2395 1498 2429 parco
1526 2395 1619 2429 quo..

144 2437 221 2470 dam
251 2436 355 2470 modo
384 2436 576 2470 occasione
604 2436 645 2469 ad
677 2446 739 2469 eos
766 2434 950 2475 affabiles,
985 2435 1044 2478 qui
1072 2435 1107 2467 in
1134 2434 1322 2467 sententiis
1350 2438 1384 2466 et
1411 2432 1621 2477 cognitione

143 2483 217 2518 sint
242 2483 390 2525 diversi,
417 2489 572 2518 vocante
599 2489 736 2517 utamur
763 2488 796 2516 et
832 2493 948 2528 pauca
976 2482 1223 2526 indulgeamus
1259 2481 1410 2515 diversis
1438 2480 1618 2513 acceden-

144 2531 232 2565 tium
258 2531 415 2564 moribus
440 2532 648 2565 necessario
668 2540 940 2574 nonnunquam:
967 2530 1015 2563 ita
1042 2535 1079 2562 ut
1105 2530 1141 2562 in
1162 2529 1266 2562 rebus
1289 2528 1513 2572 gravissimis
1539 2527 1620 2561 lidei

145 2579 336 2613 consensio
364 2579 525 2623 quamvis
554 2589 624 2613 non
653 2579 774 2612 verbis
801 2578 927 2611 saltem
944 2576 1222 2623 cogitationibus
1249 2581 1414 2610 servetur
1440 2580 1620 2609 constans.

144 2636 214 2671 qua
238 2626 276 2659 in
302 2636 341 2658 re
367 2625 480 2660 licere
495 2627 546 2661 ait
560 2627 650 2660 hanc
668 2626 725 2659 vel
752 2625 848 2659 illam
876 2635 1002 2658 vocem
1020 2626 1122 2658 etiarn
1141 2624 1222 2658 aliis
1241 2623 1416 2658 similibus
1447 2628 1482 2657 et
1510 2623 1621 2668 magis

144 2673 428 2718 significantibus
445 2674 595 2708 vocibus
615 2674 797 2718 explicare
817 2673 956 2707 ratione
975 2673 1041 2706 deo
1063 2673 1315 2713 conveniente,
1338 2681 1409 2704 non
1426 2676 1542 2704 autem
1555 2671 1623 2704 de-

145 2725 217 2763 cet,
230 2720 526 2766 ait4Athanasius,
542 2732 583 2756 ea
597 2733 687 2770 quaxe
703 2731 810 2766 parco
829 2721 932 2754 modo
951 2720 1154 2754 scribuntur
1171 2725 1205 2753 et
1221 2720 1306 2753 liunt
1324 2719 1490 2763 accipere
1510 2727 1620 2762 pravo

144 2778 267 2813 sensu,
291 2769 375 2802 etin
392 2779 489 2804 suam
506 2769 726 2805 voluntatem
743 2768 904 2803 trahere:
927 2769 1057 2803 etenim
1073 2769 1176 2803 otiam
1190 2767 1348 2802 medicus
1365 2775 1621 2811 saepenumero
