1826 3120
245 176 339 226 188
648 179 943 247 MCEPHom
987 178 1291 223 GREGORAE

239 289 500 343 τακουζηνοῦ
519 285 592 342 την
614 288 772 328 δειλίαν
792 284 1007 339 ἐνεποίησε
1034 286 1169 338 μέρει.
1225 278 1297 339 ἧκε
1323 284 1403 340 γὰρ
1427 287 1613 341 ἐλπίσας,
1640 284 1699 336 ὥς

242 354 363 410 φασί,
393 354 546 412 ῥᾳδίαν
588 353 703 410 αὐτῷ
731 351 803 406 τὴν
846 352 905 400 εἰς
934 349 1170 402 Βυζάντιον
1198 351 1360 395 εἴσοδον
1389 350 1699 409 ἕσεσθαιπρός

240 422 362 463 τινῶν
391 420 534 476 κρύφα
555 420 934 474 διαμηνυσαμένων
971 418 1085 474 τιν’τῷ
1104 417 1184 471 πρὸ
1216 420 1400 472 βραχέος
1428 416 1471 461 τό
1494 421 1570 462 τοῦ
1593 433 1700 462 συν-

241 488 427 542 θήματος
458 487 611 565 δρᾶμα.
669 488 761 528 ἐπεί
791 487 830 527 δ’
861 484 884 540 ἢ
923 487 1091 537 βασιλις
1122 484 1282 540 Εἰρήνη
1325 487 1518 568 διανέστη
1549 501 1593 529 τε
1618 502 1701 528 πα·-

240 556 444 609 ραχρῆμα
489 569 557 594 και
598 552 933 607 δραστικώτερον
974 545 1001 606 ἦ
1030 550 1135 593 κατοῖ
1167 552 1409 606 γυναικείαν
1445 553 1576 609 φύσιν
1602 554 1735 602 δια-5

242 623 478 676 νοησαμένη
507 620 582 669 τὰς
610 618 876 672 πανταχόθεν
919 618 1261 670 ὗποπτευομένας
1299 619 1491 669 εισόδους
1519 619 1700 675 τάχιστα

243 686 508 742 ἠσφαλίσατό
533 702 576 728 τε
616 687 689 727 καί
732 702 816 728 των
846 683 1191 737 ὑποπτευομένων
1230 684 1290 728 ε’τι
1321 685 1557 742 προσώπων
1585 685 1700 735 ἐντὸς

244 753 483 803 Βυζαντίου
514 769 590 802 τας
613 749 761 834 όρμοὶς
768 751 975 794 ἀνέστειλε
999 751 1109 792 πάνυ
1139 754 1329 806 ταχειαις
1344 751 1505 807 χερσίν,
1534 769 1701 809 απρακ-

155 834 227 867 19
241 835 308 861 τον
337 818 466 861 αυτὸν
498 821 542 861 ἐν
571 835 707 874 τρισιν
737 819 914 873 ἡμέραις
957 819 1158 859 ἀπελθεῖν
1186 815 1429 874 ἐπεπράχει.
1487 821 1587 870 δέκα
1618 835 1701 872 με·

239 883 342 935 ταξὺ
373 887 593 940 παρῆλθον
625 885 804 940 ἡμέραι,
835 901 902 926 και
935 901 1043 938 αρας
1081 883 1481 966 ὃΚαντακουζηνὸς
1509 887 1553 936 ἐξ
1579 885 1700 940 Ὀρε-
1714 897 1757 932 10

240 952 407 1000 στιάδος
446 947 542 1006 ἧκεν
580 968 638 1002 εις
680 950 915 1004 Βυζάντιον
958 950 1028 993 δια
1062 953 1209 997 ταῦτα
1276 968 1346 994 και
1381 948 1568 994 ν’ποπτον
1591 950 1701 1006 ἔχων

240 1016 285 1060 ἐκ
314 1022 469 1061 πολλοῦ
512 1019 582 1062 τὸν
625 1017 888 1074 πατριάρχην
928 1020 1093 1062 πολλων
1121 1034 1163 1061 τε
1206 1014 1344 1061 αλλων
1373 1019 1494 1061 ἕνεκα
1525 1035 1593 1062 και
1626 1021 1701 1074 τῆς

239 1082 345 1140 πρός
378 1085 672 1140 Παλαιολόγον
714 1085 898 1138 μάλιστα
929 1088 1075 1142 φιλιάς
1110 1101 1179 1126 και
1212 1084 1533 1141 ὁμοφροσύνης,
1563 1083 1700 1145 σοφόν

240 1147 354 1194 εἶναι’
393 1150 431 1193 οῖ
458 1148 718 1210 ινενόμισται
759 1157 908 1207 πεῖραν
945 1155 1016 1193 καί
1049 1154 1124 1193 νῦν
1169 1153 1389 1207 εἰληφέναι
1423 1153 1495 1207 τῆς
1533 1152 1700 1208 γνώμης

239 1220 384 1261 αὐτοῦ.
444 1222 616 1274 πέμψας
648 1215 723 1260 οὖν
755 1214 875 1274 ἤρετο
906 1221 947 1261 εἰ
983 1218 1067 1274 χρὴ
1099 1225 1188 1268 ταῖς
1216 1219 1296 1260 τῶν
1328 1221 1598 1273 στρατιωτῶν
1618 1218 1756 1278 ¹aton'15

239 1287 322 1327 τῶν
350 1282 487 1335 ἄλλως
515 1285 700 1340 ἑχόντων
741 1288 1023 1341 συγκλητικῶν
1052 1285 1221 1338 εἴξαντα
1250 1288 1366 1340 βίαις
1405 1283 1480 1342 τήν
1508 1302 1553 1328 τε
1594 1288 1702 1340 α’να-

239 1355 434 1406 γόρευσιν
461 1356 537 1394 τοῦ
566 1351 691 1401 υἱέως
737 1351 933 1395 ἐνδοῦναι
967 1353 1199 1395 Ματθαίου
1238 1356 1466 1408 γενέσθαι,
1512 1355 1582 1396 καὶ
1608 1351 1699 1406 ἅμα

239 1422 297 1477 τῷ
322 1422 399 1461 τοῦ
422 1419 618 1474 γαμβροῦ
638 1419 938 1473 Παλαιολόγου
968 1419 1275 1475 οἷμνημοσύνην.
1335 1415 1358 1460 ὃ
1386 1421 1421 1461 δ’
1441 1419 1530 1462 οὔδ’
1556 1415 1700 1475 ἄκροις

238 1487 435 1540 η’νέσχετο
466 1488 670 1537 δέξασθαι
699 1493 784 1535 τοῖς
810 1487 931 1539 ω’σίν,
963 1485 1069 1528 α’λλὰ
1099 1489 1374 1541 τραχυτέροις
1403 1502 1445 1529 τε
1476 1485 1698 1529 α’πειόσατο

238 1553 390 1606 λόγοις,
419 1555 490 1595 καί
518 1548 605 1604 ἅμα
637 1555 679 1601 ές
718 1551 793 1606 τήν
825 1546 1054 1607 ὑστεραίαν
1096 1555 1171 1594 τοῦ
1200 1551 1506 1608 πατριαρχείου
1534 1554 1757 1604 ἐξίστα-20

238 1635 336 1660 ται·
393 1620 464 1661 καὶ
496 1618 623 1669 αὐτὸς
653 1622 731 1672 μὲν
770 1621 814 1660 ἐν
859 1622 911 1676 τῇ
951 1623 1025 1661 τοῦ
1055 1622 1313 1661 Ἀθανασίου
1351 1619 1552 1663 καταλύει
1580 1623 1700 1679 μονῇ,

53 1691 80 1728 f.
103 1691 168 1728 107
187 1684 288 1729 vaco}
319 1688 365 1728 δὲ
393 1685 634 1743 σκευοφόρα
663 1689 704 1735 ἐς
739 1687 814 1741 τήν
847 1688 923 1727 τοῦ
949 1687 1071 1740 ἁγίου
1104 1685 1341 1738 Μάμαντος
1373 1688 1701 1743 α’πεφορτίζοντο

236 1753 381 1807 μονήν,
411 1748 461 1807 ἢν
488 1753 568 1807 πρὸ
592 1751 799 1808 τεττάρων
829 1754 1035 1794 ἐνιαυτῶν
1065 1755 1367 1809 σφετερίζεται.
1395 1752 1562 1808 βραχύς
1591 1755 1700 1796 ἐκεῖ·

238 1821 314 1860 θεν
345 1819 475 1876 ἐρρύη
503 1817 684 1875 χρόνος,
715 1820 787 1862 καί
805 1822 1036 1869 Mat-90:504·
1069 1821 1090 1861 ὃ
1118 1821 1194 1862 τοῦ
1223 1822 1579 1877 Καντακουζηνοῦ
1609 1817 1701 1870 υἱός

240 2015 350 2049 festus
378 2014 443 2048 ille
470 2014 580 2048 fuisse
604 2015 680 2048 fore
704 2020 742 2048 ut
768 2015 874 2049 facile
890 2015 1099 2059 Byzantium
1123 2014 1285 2048 introiret
1304 2014 1393 2048 clam
1412 2016 1569 2060 acceptis
1594 2015 1699 2051 brevi

238 2064 282 2096 de
307 2072 424 2095 rerum
453 2063 656 2096 conditione
682 2064 827 2096 nuntiis.
862 2063 965 2096 Irene
991 2067 1106 2095 autem
1131 2063 1253 2106 regina
1281 2073 1384 2106 quum
1410 2062 1525 2096 subito
1550 2074 1590 2097 se
1616 2075 1699 2097 ere..

239 2110 351 2143 xisset
379 2114 414 2142 et
437 2110 552 2143 animo
586 2111 723 2143 acriore
750 2121 850 2155 quam
877 2120 946 2154 quo
970 2109 1139 2143 mulieres
1165 2109 1294 2151 solent,
1322 2120 1438 2143 rerum
1466 2111 1699 2155 gerendarum

241 2155 428 2190 consilium
455 2158 631 2200 cepisset,
657 2157 803 2191 lubricis
830 2157 960 2202 ubique
986 2157 1054 2190 viis
1092 2166 1193 2200 quam
1221 2156 1407 2190 celerrime
1431 2158 1574 2191 munitis
1600 2163 1635 2191 et
1663 2159 1699 2192 in

240 2203 453 2249 periculosis
490 2204 655 2247 Byzantii
699 2204 976 2250 propugnaculis
1016 2204 1194 2247 copiarum
1246 2203 1468 2238 multitudine
1502 2204 1698 2247 collocata,

239 2251 352 2285 tribus
382 2256 463 2294 post
487 2251 610 2285 diebus
654 2263 731 2285 eum
766 2253 907 2285 infectis
945 2251 1048 2284 rebus
1080 2250 1178 2283 abire
1217 2251 1347 2294 coegit.
1406 2251 1526 2285 decem
1562 2252 1699 2287 interea

240 2297 492 2343 praeterlapsis
525 2299 648 2333 diebus
667 2300 935 2334 Cantacuzenus
957 2299 1140 2332 Orestiade
1165 2298 1290 2331 relicta
1315 2298 1524 2341 Byzantium
1550 2298 1596 2332 ob
1623 2310 1698 2333 eam

241 2346 534 2379 causam‘itinere
566 2347 759 2380 contendit.
811 2352 846 2379 et
874 2357 977 2390 quum
1004 2346 1039 2378 in
1066 2345 1268 2388 suspicione
1295 2345 1526 2388 patriarcham
1552 2345 1700 2381 haberet

241 2404 319 2426 cum
343 2393 388 2426 ob
414 2393 503 2426 alias
533 2404 654 2427 causas
681 2399 750 2427 tum
777 2395 996 2437 potissimum
1024 2392 1068 2425 ob
1094 2393 1280 2425 amicitiam
1307 2402 1375 2436 qua
1399 2394 1638 2436 propenderet
1661 2394 1698 2427 in

241 2440 508 2485 Palaeologum,
534 2441 806 2484 prudentissime
834 2441 900 2474 sihi
929 2441 1026 2474 visus
1055 2444 1108 2472 est
1135 2440 1349 2483 experiendo
1386 2450 1464 2473 esse
1492 2441 1568 2474 eius
1594 2442 1630 2474 in
1659 2451 1698 2475 se

241 2487 461 2522 voluntatem
486 2487 747 2521 intellecturus.
798 2488 894 2521 misit'
915 2488 1024 2532 igitur
1050 2487 1108 2531 qui
1146 2497 1190 2519 ex
1216 2496 1258 2519 eo
1284 2492 1497 2531 quaererent
1519 2498 1601 2521 num
1628 2489 1697 2522 mi-

242 2535 342 2567 litum
371 2540 405 2568 et
430 2540 629 2568 senatorum
657 2535 791 2569 viribus
819 2536 946 2568 cedens
973 2534 1222 2578 persuaderet,
1259 2539 1295 2567 ut
1323 2534 1516 2568 Matthaeus
1542 2545 1606 2568 rex
1632 2536 1698 2569 de..

242 2581 436 2615 clararetur
463 2588 498 2615 et
524 2582 741 2627 Palaeologo
768 2592 894 2616 socero
920 2583 1177 2626 ignosceretur.
1228 2591 1318 2625 quae
1338 2581 1532 2626 ille*quum
1547 2581 1698 2616 moleste

242 2629 335 2661 ferre
363 2629 543 2663 videretur
579 2634 613 2662 et
652 2630 855 2673 asperrimis
894 2629 1012 2662 verbis
1049 2629 1238 2669 reficeret,
1272 2639 1315 2661 ex
1348 2628 1584 2672 patriarchica
1612 2630 1698 2663 sede

241 2676 375 2709 eiectus
403 2681 455 2709 est
481 2677 664 2720 postridie.
714 2677 792 2720 ipse
822 2676 911 2719 apud
931 2676 1160 2710 Athanasium
1185 2676 1354 2717 divertit,
1393 2675 1556 2719 supellex
1581 2681 1698 2709 autem

240 2723 275 2754 in
302 2722 351 2756 St.
381 2724 562 2757 Mamantis
582 2724 797 2757 mansionem
824 2728 1060 2767 transportata
1084 2728 1148 2764 est,
1178 2733 1279 2766 quam
1305 2728 1386 2756 ante
1413 2728 1563 2767 quatuor
1587 2733 1698 2757 annos

238 2769 305 2806 sibi
332 2775 475 2806 emerat.
526 2770 627 2806 brevi
656 2771 737 2804 inde
762 2777 921 2814 tempore
948 2770 1213 2814 praeterlapsis,
1239 2769 1433 2804 Matthaeus
1460 2770 1697 2806 Cantacuzeni
