1786 3138
265 176 360 223 520
664 179 960 225 mcsmom
983 177 1306 236 eamcam

263 295 432 347 μοῖραν,
464 290 593 334 πλείω
626 288 818 338 δεδωκώς
843 287 1032 340 ’Λλέξιος
1058 287 1260 345 χρήματα
1291 289 1421 332 πλείω
1448 289 1524 332 καί
1547 288 1720 347 'melnes

265 358 338 400 καί
363 357 437 412 τὴν
463 361 619 412 μοῖραν
646 352 771 406 αὖθις
789 349 1052 410 συγκυκήσας
1074 354 1288 411 ἀνείληφε,
1322 354 1537 411 ζημιώσας
1565 357 1722 408 ἐν’·τοῖς

265 425 446 479 καιριόις
473 422 543 465 τὸν
568 421 796 477 Ῥωμανόν.
856 419 919 463 διὸ
951 421 1024 463 καί
1052 417 1179 471 αὖθις
1206 420 1312 476 μετὰ
1342 419 1486 478 βραχὺ
1505 421 1613 480 πρὸς
1626 414 1720 466 Βυ-

91 491 431 544 ῐ.2591>.ζάντιον
459 489 818 544 ἐπανεληλυθέναι
856 487 1010 543 μεστὸν
1053 490 1236 531 ἐλπίδων
1261 487 1478 543 Ῥωμανόν
1508 487 1536 544 ἧ
1565 489 1719 547 ἀνάγκη

267 557 536 612 συνήλαυνεν,
565 554 635 597 ἅτε
664 556 736 598 καί
762 561 1013 610 μεταπεσεῖν
1043 556 1300 610 αἰσθόμενον
1326 555 1379 597 τά
1393 570 1438 597 τε
1461 556 1535 611 τῆς
1560 570 1721 612 ,110an-

263 627 364 676 χιάς
407 624 588 665 ἐνταῦθα
629 625 818 679 σκῆπτρα
866 621 971 678 πρὸς
1011 622 1313 679 Παλαιολόγον
1350 619 1424 666 καὶ
1465 620 1614 679 αὖτοὺς
1650 625 1723 680 τῆς

269 689 555 745 πατριαρχιάς
597 689 780 745 θρόνους
817 685 945 741 αὖθις
973 690 1015 740 ἐς
1048 689 1287 732 Κάλλιστον
1316 686 1524 745 τοῦνομα-4
1555 691 1720 745 ,ἐληλυ-

268 755 365 797 θότι
395 756 444 810 δή
475 751 548 797 ουν
574 758 775 811 βοηθεῖν,
816 754 952 812 ὁπόση
981 756 1178 810 δύναμις,
1198 754 1471 814 ἀδικουμένῳ
1484 757 1582 834 ut&
1612 756 1721 799 πάνυ

269 838 322 862 τι
342 821 511 878 σφόδρα
542 823 688 878 κρίνας
717 838 828 864 ειναι
847 824 1022 866 δικαίων
1045 822 1068 865 ὅ
1091 822 1369 879 πατριάρχης,
1397 821 1514 878 ομοῢ
1524 826 1612 872 τοῖς
1638 839 1723 865 πα-

271 889 574 944 ρατετυχηκόσι
616 890 839 944 τηνικαῦτα
870 890 1150 973 ἀρχιερεῦσι,
1201 887 1253 930 τὰ
1295 890 1366 931 ἐπι
1405 904 1563 939 τουτοις
1590 902 1755 945 παρε-ι

164 964 255 997 ‘89
271 956 520 1008 σκευάζοντο
549 955 776 1012 γράμματα
805 956 879 998 καί
906 956 1180 1013 ψηφιἭσματα
1250 954 1356 997 ἀλλά
1390 956 1491 1012 πριν
1518 956 1576 1006 ἐςῑ
1591 955 1726 1012 πέρας

270 1022 391 1072 ἰέναι,
421 1022 621 1079 πάρεστιν
651 1018 778 1071 αὖθις
802 1022 988 1074 Ἀλέξιος
1013 1022 1247 1078 χρημάτων
1275 1023 1577 1079 ἐπιφερόμενος
1606 1026 1725 1064 πλεῖ-

270 1105 347 1130 στα
377 1088 596 1141 βαλάντια,
628 1091 680 1130 δι’
712 1105 769 1130 ων
797 1088 870 1144 τὴν
886 1091 960 1130 τοῦ
983 1089 1248 1145 πατριάρχου
1274 1089 1725 1145 χειρωσάμενοςγνιό-

268 1170 351 1209 μην
379 1153 429 1195 τά
460 1157 620 1211 πρῶτα,
647 1154 747 1211 ὕλης
789 1157 985 1211 γηγενοῦς
1028 1154 1262 1214 ,ὑπερφυῶς
1298 1153 1728 1211 ὄρέξεσιν·ἧλικιῶ’τιν

270 1217 401 1263 οὖσαν
429 1221 501 1263 καί
532 1223 737 1275 δεσμῶτιν
783 1222 855 1263 οὐκ
894 1221 974 1273 ἔξω
1015 1222 1275 1278 φαυλότητος
1314 1222 1548 1277 λογισμῶν,
1584 1219 1756 1268 ἔπειται

270 1287 439 1344 περιῄει
463 1286 558 1337 τοὺς
587 1286 742 1338 ἄλλους
786 1288 1000 1344 ἀναλόγως
1038 1288 1179 1339 διδοὺς
1222 1288 1295 1331 καὶ
1325 1287 1602 1343 δουλούμενος
1627 1289 1727 1330 καθ’

271 1355 445 1398 ἕκαστον
489 1354 690 1406 ἅπαντας.
758 1352 839 1411 ἤδη
885 1356 930 1397 δὲ
969 1355 1041 1397 καί
1061 1360 1166 1405 τοῖς
1202 1352 1629 1412 ἄρχουσιπροσιιόν,
1656 1356 1729 1398 καί

271 1420 504 1473 παραβύων
535 1419 746 1477 ἀβρότερα
764 1421 970 1477 κέρματα,
996 1420 1138 1480 ῥᾷστα
1165 1421 1239 1463 καί
1266 1422 1383 1477 σφᾶς
1417 1419 1524 1477 πρὸς
1549 1419 1596 1462 τὸ
1622 1423 1726 1479 βου-

271 1485 444 1539 λόμενον
474 1481 594 1537 εἷλκε,
613 1483 661 1529 τό
691 1486 1013 1543 συγκεχωρηκὸς
1034 1487 1259 1544 εἰληφότας
1286 1485 1368 1543 ἤδη
1397 1484 1516 1543 παρὰ
1541 1489 1616 1529 τοῦ
1644 1503 1727 1529 πα-

183 1560 258 1593 4⁰
273 1554 478 1608 τριάρχου
515 1554 772 1604 Καλλίστου,
803 1552 849 1603 ὃς
868 1552 959 1596 ’τῶν
986 1556 1059 1609 τῆς
1086 1553 1316 1610 ἱερωσύνης
1343 1552 1530 1595 κανόνων
1559 1553 1728 1609 πρόμα-

183 1631 186 1634 ·
269 1633 348 1670 χος
376 1616 484 1660 εἶναι
515 1619 776 1674 ὀμωμοκώς,
808 1622 880 1663 καὶ
920 1619 980 1675 μὴ
1011 1621 1218 1677 προδότης
1248 1620 1445 1676 γίνεσθαι
1470 1621 1553 1662 τῶν
1581 1620 1731 1700 ταύτης

272 1687 456 1739 θεσμῶν,
485 1687 594 1741 μηδὲ
623 1702 696 1741 την
725 1703 916 1743 απρατον
940 1688 1070 1743 χάριν
1100 1688 1174 1728 τοῦ
1190 1687 1423 1741 πνεύματος
1449 1683 1571 1728 ωνιον
1599 1702 1656 1736 ως
1687 1687 1741 1728 ἐν

274 1751 411 1829 ἀγορτῖ
454 1753 699 1834 προτιθέναι
739 1759 825 1804 τοῖς
866 1753 970 1795 κατά
1017 1754 1192 1808 Σίμωνα
1234 1752 1334 1795 τόν
1330 1753 1480 1809 μάγον
1523 1754 1728 1808 ζητοῦσιν,

274 1816 417 1859 ἔπειτα
444 1818 567 1868 αὐτός
593 1836 637 1861 τε
670 1820 918 1877 παραβάτης
948 1817 1078 1877 ωφθη
1107 1819 1355 1876 περιφανής,
1387 1818 1648 1873 διακυβεύων
1672 1818 1729 1861 τὰ

273 1884 404 1937 τίμια,
434 1885 507 1927 καί
529 1884 623 1935 τούς
654 1885 807 1937 αλλους
826 1888 1161 1943 προτρεπόμενος
1193 1886 1558 1943 ἀπαρακαλυπτως
1587 1887 1630 1936 ἐς
1655 1901 1729 1941 την
1740 1901 1761 1936 2

274 1952 347 1992 τοῦ
378 1953 509 1993 κακοῦ
537 1954 770 1996 κοινωνίαν.
828 1954 901 1996 καί
932 1952 1003 1995 διὰ
1022 1955 1152 1995 ταῦτα
1187 1953 1423 2009 ἀπηνήνατο
1453 1953 1495 2002 ἐς
1515 1953 1728 2010 προῦπτον
1785 1971 1786 2010 j

272 2140 466 2174 bernacula
492 2141 609 2175 delata
635 2153 714 2176 esse
739 2143 782 2176 ad
806 2142 1058 2187 Palaeologum
1083 2147 1118 2176 et
1145 2140 1413 2186 patriarchicum
1429 2140 1547 2175 sedem
1573 2140 1616 2175 ad
1641 2139 1726 2176 cal..

273 2187 391 2220 listum
422 2189 589 2222 audisset.
639 2190 696 2223 cui
722 2190 830 2234 igitur
856 2190 986 2235 quippe
1012 2190 1150 2223 iniuriis
1168 2193 1296 2223 vexato
1312 2198 1464 2232 operam
1493 2188 1635 2222 daturus
1660 2198 1728 2231 pa-

273 2235 427 2268 triarcha
453 2241 488 2268 et
514 2237 572 2280 qui
600 2236 691 2270 forte
725 2237 870 2271 aderant
906 2237 1108 2271 sacerdotes
1133 2236 1269 2270 litteras
1309 2240 1345 2268 et
1368 2235 1610 2269 damnationes
1634 2235 1728 2268 scri-
1783 2246 1785 2248 ·

274 2287 433 2324 pserunt.
483 2283 544 2316 sed
569 2284 770 2328 priusquam
796 2295 853 2328 res
879 2285 920 2317 ad
947 2285 1050 2318 finem
1075 2283 1293 2327 perducitur,
1319 2292 1441 2315 rursus
1469 2281 1568 2315 adest
1579 2280 1727 2315 Alexius

274 2328 416 2361 multam
451 2331 676 2372 pecuniarum
706 2331 842 2374 copiam
869 2331 1033 2364 offerens.
1083 2330 1208 2375 quibus
1227 2329 1375 2373 primurn
1399 2328 1621 2372 patriarchae
1647 2328 1728 2361 ani-

274 2385 356 2408 num
383 2376 490 2418 cepit,
520 2378 688 2410 materiae
713 2383 878 2412 terrenae
904 2378 1097 2421 cupiditate
1132 2377 1274 2421 plenum
1301 2385 1419 2419 neque
1443 2386 1464 2409 a
1492 2375 1618 2409 mentis
1643 2385 1728 2419 pra·
1784 2418 1786 2420 q

275 2422 386 2454 vitate
424 2422 598 2464 liberum3
636 2425 717 2457 dein
757 2425 800 2458 ad
835 2424 926 2458 alios
961 2424 1133 2458 accedens
1178 2433 1459 2467 unumquemque
1503 2421 1571 2456 sibi
1603 2422 1729 2455 conci·
1775 2436 1780 2446 ·

275 2468 388 2501 liavit.
448 2470 514 2501 iam
553 2481 638 2503 vero
675 2472 778 2504 etiam
811 2472 989 2517 principes
1029 2472 1114 2505 adiit
1148 2476 1183 2504 et
1213 2469 1411 2524 insignibus
1442 2468 1603 2513 pecuniis
1645 2478 1756 2508 cor-¹

275 2520 397 2558 ruptos
430 2515 535 2549 facile
553 2517 595 2550 ad
609 2517 824 2551 voluntatem
850 2529 946 2552 suam
965 2519 1083 2560 traxit,
1111 2518 1170 2562 qui
1195 2522 1333 2561 pactum
1358 2517 1426 2549 iam
1452 2526 1473 2550 a
1488 2515 1635 2551 Callisto
1664 2525 1730 2559 pa-

275 2561 430 2595 triarcha
455 2570 678 2607 acceperant.
730 2565 794 2598 ille
824 2567 882 2609 qui
911 2564 1149 2599 sacerdotales
1173 2564 1275 2609 leges
1314 2573 1353 2597 se
1381 2563 1605 2597 defensurum
1630 2563 1730 2595 inra-

277 2613 378 2641 verat
410 2619 477 2642 nec
514 2611 731 2653 proditurum
769 2617 869 2655 pacta
900 2623 968 2645 nec
995 2611 1037 2646 S.
1066 2612 1217 2655 Spiritus
1245 2610 1391 2654 gratiam
1429 2615 1592 2654 tanquam
1621 2608 1729 2643 vilem

277 2655 314 2687 in
352 2656 428 2687 foro
450 2657 670 2690 venditurum
708 2658 858 2692 Simonis
898 2660 991 2703 magi
1027 2657 1282 2699 sectatoribus,
1326 2657 1407 2690 dein
1443 2657 1522 2700 ipse
1549 2655 1729 2699 improbus

279 2706 401 2744 aperte
426 2704 586 2745 apparuit
611 2704 646 2737 in
673 2704 865 2738 honoribus
890 2705 973 2738 ludo
1000 2705 1232 2740 diffundendis
1268 2708 1303 2736 et
1327 2703 1408 2738 aliis
1434 2704 1478 2737 ad
1502 2701 1730 2747 malignitatis

281 2749 561 2783 communitatem
603 2750 718 2794 palam
751 2752 975 2787 adducendis
1035 2751 1259 2796 quamobrem
1295 2751 1444 2794 primum
1476 2748 1609 2793 repulit
1640 2758 1730 2793 quae

1770 2694 1786 2883 r..-ffi=-2ffin.·-
1768 2606 1786 2681 ,(ᾼοᾼϊ..
1767 2581 1784 2594 .:
1763 2534 1777 2547 ν’
