1826 3120
143 188 157 195 “
216 249 222 254 .
274 181 572 228 mSTomAE
603 182 952 226 BYzAN‘nNAE
976 184 1119 227 xxlx.
1150 171 1400 225 36-39.
1498 172 1593 226 ‘249
1636 222 1639 225 ,

119 292 288 346 α’ξίωμα
319 285 407 345 ὄν,
451 294 494 342 ἐς
529 292 876 348 Πελοπόννησον,
922 294 1109 346 πέμπτον
1149 290 1239 340 ἔτος
1267 286 1348 347 ἤδη
1385 291 1470 332 ταῖν
1511 291 1604 332 ἐκεῖ·

111 347 360 412 Ῥωμαϊκῶν
388 363 559 414 χωρίων
596 361 670 409 καί
696 358 858 402 πόλεων
891 358 967 414 τήν
1005 357 1234 419 ἐπιτροπήν
1267 358 1450 403 διοικῶν.
1509 355 1530 400 ὃ
1562 358 1598 399 δ’

51 437 54 440 ’
119 427 191 469 ἐπὶ
218 426 404 482 θυγατρὶ
432 426 639 481 γαμβρός,
691 428 854 470 Κόντου
899 428 1174 484 Κεφαληνίας
1205 431 1331 479 παῖς,
1361 424 1499 470 Αἴνου
1527 427 1599 482 τῆς

122 493 284 544 πόλεως
311 489 364 551 ἤν
390 495 624 550 ἐπίτροπος,
653 493 726 537 καί
753 493 798 537 εἴ
820 512 861 537 τι
889 497 1010 550 πέριξ
1036 494 1201 550 ὑπῆρχε
1240 497 1400 550 χωρίον
1431 497 1597 548 βαρβα-

48 571 53 577 ”
87 561 247 617 5ρικῆς
273 560 417 604 eiwon
447 559 507 604 ἔτι
539 563 824 617 καταδρομῆς.
896 562 979 604 τῶν
1011 563 1056 604 δὲ
1085 564 1438 619 γυναικαδέλφων
1469 564 1602 616 σεβα-

125 629 424 685 στοκρατόρων
447 627 645 686 Ἰωάννης
675 631 752 682 μὲν
782 628 904 685 ἔτυχε
947 633 1004 688 τῷ
1038 629 1327 687 Παλαιολόγῳ
1364 632 1467 679 τέως
1497 645 1603 672 συν-

126 695 401 749 διαιτώμενος
430 698 488 755 τῷ
516 700 713 751 βασιλεῖ,
742 699 896 751 τειχῶν
917 699 1170 749 Βυζαντίων
1199 696 1341 750 ἐντός,
1382 693 1534 752 ἅτερος
1563 698 1604 739 δ’

124 757 233 818 ἦρχε
262 760 424 827 Βιζόης
462 760 483 804 ὅ
516 763 730 819 Μανουῆλ
761 766 806 806 ἐκ
847 765 1005 805 πολλοῦ
1035 761 1110 818 τὴν
1155 762 1388 819 ἐπιτροπὴν
1416 762 1604 820 εἰληφώς

126 827 231 883 πρὸς
261 831 338 872 τοῦ
368 832 750 887 Καντακουζηνοῦ·
814 829 858 873 αἱ
889 830 1037 873 λοιπαὶ
1079 832 1115 872 δ’
1147 830 1374 885 ὖπέκυψαν
1403 834 1604 874 Παλαισ-

38 902 43 909 '
70 896 235 955 1ολόγῳ
260 898 318 956 τῷ
346 900 523 952 βασιλεῖ’
543 896 698 941 ὅπόσαι
722 899 849 955 μήπω
877 899 1114 953 βαρβάροις
1140 899 1419 953 προδέδονται
1448 897 1606 949 πόλεις.

263 966 429 1021 Μηνῶν
472 966 509 1007 δ’
542 964 666 1021 ἐγγύς
697 968 816 1009 δυοῖν
852 966 1012 1019 μεταξὺ
1046 965 1402 1023 παρερρυηκότων
1430 960 1528 1022 ἧκεν
1560 965 1695 1009 &rao

119 1033 315 1076 ’Τενέδου
358 1033 432 1076 καί
478 1032 502 1074 o‘
533 1032 776 1083 Κάλλιστος
807 1031 915 1076 οὕτω
955 1032 1200 1088 λεγόμενος,
1229 1032 1500 1090 πατριάρχης
1527 1036 1606 1087 μὲν
1634 1044 1637 1049 ’

130 1095 243 1144 εἶναι
285 1102 582 1157 συγχωρηθείς
623 1095 750 1151 αὖθις
794 1102 900 1158 πρὸς
933 1101 1236 1155 Παλαιολόγου
1280 1102 1359 1143 τοῦ
1395 1104 1606 1155 βασιλέως

131 1164 206 1210 ἅτε
238 1165 471 1223 ἐζηλωκώς,
493 1168 551 1219 οὖς
579 1167 734 1224 ἔδοξεν,
764 1167 871 1224 ὑπὲρ
895 1170 1045 1225 αὐτοῦ,
1066 1169 1124 1224 μὴ
1154 1168 1428 1224 στεργόμενος
1456 1170 1496 1210 δ’
1519 1162 1608 1223 οὖν,
1671 1220 1681 1225 -

43 1250 46 1251 ’
75 1236 174 1284 15εἶ
197 1234 257 1292 μῆ
299 1234 348 1278 τοὶ
379 1235 482 1279 κατά
527 1235 733 1294 βούλησιν
783 1235 897 1296 δρῴη
927 1238 1056 1296 αότῷ.
1127 1233 1151 1277 ὃ
1190 1238 1269 1290 μὲν
1295 1234 1376 1291 γὰρ
1410 1234 1608 1290 ἐβούλετο

89 1348 104 1359 ,
135 1302 315 1359 πάντας,
343 1301 585 1360 συλλήβδην
618 1307 765 1359 εἰπεῖν,
798 1304 1054 1354 ἐπισκόπους
1091 1305 1165 1346 καί
1195 1306 1510 1358 πρεσβυτέρους
1537 1305 1611 1358 τῆς

135 1372 408 1427 ἐπισκοπικῆς
447 1374 644 1415 καθελεῖν
682 1373 825 1425 ἀξίας·
898 1376 1075 1426 βασιλεῖ’
1107 1373 1144 1414 δ’
1189 1370 1267 1413 οὐκ
1295 1366 1343 1426 ἦν
1373 1370 1464 1412 οὐδ’
1494 1373 1609 1413 ὅπω-

133 1439 234 1481 σόῧν
263 1437 436 1482 α’νεκτόν
480 1439 521 1482 εἶ
548 1439 607 1496 μη
652 1439 848 1497 α’λλὴλοις
898 1441 1041 1498 ἀφῶσι
1090 1438 1392 1495 τάγκλήματα,
1440 1435 1614 1481 συνιόν-

135 1522 203 1556 τες
232 1506 292 1556 εἷς
323 1507 381 1549 ἓν.
459 1507 543 1562 όψέ
571 1524 618 1563 γε
648 1507 734 1564 μὴν
763 1508 836 1550 καί
879 1507 1048 1565 σφόδρα
1077 1506 1200 1562 μόγις
1245 1506 1269 1562 ἦ
1298 1507 1374 1550 τοῦ
1404 1508 1614 1561 βασιλέως

77 1582 122 1619 20
137 1573 447 1632 φιλάνθρωπος
491 1578 674 1632 νενίκηκε
700 1574 919 1632 βούλησις.
994 1576 1048 1617 ου’
1079 1576 1230 1624 τελέως
1256 1575 1335 1627 μὲν
1365 1577 1548 1630 νενίκηκε
1577 1575 1613 1615 δ’

134 1638 224 1686 οὖν.
285 1649 373 1692 τοῖς
401 1646 480 1697 μὲν
509 1641 590 1698 γὰρ
624 1642 867 1693 ἐπισκόποις
897 1646 971 1686 καί
1000 1639 1112 1686 ἄκων
1142 1642 1163 1684 ὅ
1197 1641 1439 1691 Κάλλιστος
1470 1642 1615 1683 ἐσπεί-

135 1725 272 1763 σατο,
320 1712 379 1769 τῷ
427 1713 473 1753 δὲ
515 1709 625 1765 μετά
656 1727 702 1766 γε
733 1710 863 1754 αυ’τὸν
893 1708 1287 1766 πατριαρχεύσαντι
1323 1709 1517 1767 Κοκκίνῳ
1557 1710 1615 1768 τῷ

141 1779 337 1837 manassi»
378 1780 586 1838 λεγομένῳ
627 1778 673 1821 τὸ
708 1776 911 1835 παράπαν
955 1778 1135 1837 οὐδαμῇ,
1166 1775 1272 1820 α’λλά
1314 1774 1410 1826 τοὺς
1452 1773 1613 1825 αὐτοὺς

138 1964 391 2010 Peloponneso
419 1965 542 2011 quinto
569 1965 637 2000 iam
663 1975 756 1999 auno
782 1965 1019 2000 Romanarum
1045 1965 1094 1999 ibi
1120 1964 1386 2009 provinciarum
1415 1969 1450 1999 et
1474 1964 1614 1999 urbium

138 2013 415 2059 praefecturams
432 2013 692 2048 administrans.
743 2014 877 2048 sororis
917 2014 1062 2047 maritus
1095 2013 1198 2048 Conti
1235 2012 1478 2057 Cephaleniae
1518 2013 1613 2047 filius

138 2061 230 2096 Heni
253 2062 351 2096 urbis
378 2067 455 2095 erat
490 2059 694 2106 praefectus
737 2068 772 2095 et
796 2062 825 2095 si
853 2072 921 2106 qua
948 2062 1178 2095 circumcirca
1217 2066 1292 2094 erat
1319 2065 1415 2094 terra
1440 2061 1614 2095 barbaro..

137 2120 214 2144 rum
247 2109 363 2143 adhuc
396 2109 584 2143 invasione
622 2109 749 2143 libera.
808 2109 951 2143 fratrum
988 2109 1109 2142 uxoris
1148 2108 1321 2152 principis
1353 2109 1614 2143 venerantium.

136 2157 289 2192 loannes
316 2157 456 2202 quidem
474 2156 683 2203 Palaeologi
703 2157 800 2201 regis
826 2162 898 2190 tum
930 2157 1020 2190 sorte
1049 2157 1308 2190 cousuetudine
1333 2156 1499 2190 utebatur
1523 2157 1616 2189 intra

138 2205 287 2245 moenia·
303 2204 525 2248 Byzantina:
566 2205 657 2238 alter
690 2211 807 2238 autem
843 2205 1039 2247 Byzantiae
1073 2209 1237 2248 praeerat
1271 2204 1412 2238 Manuel
1450 2214 1469 2236 e
1503 2203 1615 2248 longo

138 2257 300 2296 tempore
339 2251 453 2287 tutela
487 2258 653 2296 suscepta
688 2263 708 2286 a
740 2253 1002 2288 Cantacuzeno.
1077 2252 1240 2297 reliquae
1280 2250 1499 2296 Palaeologo
1538 2251 1616 2296 regi

139 2300 312 2345 parebant
337 2305 512 2345 quotquot
536 2301 691 2334 nondum
719 2301 869 2334 traditae
895 2300 1053 2334 barbaris
1079 2300 1186 2333 urbes
1212 2305 1305 2334 sunt.

298 2358 478 2394 mensibus
506 2359 648 2393 interim
682 2360 817 2394 duobus
844 2359 1098 2403 praeterlapsis
1132 2359 1232 2392 venit
1270 2369 1314 2392 ex
1339 2357 1481 2392 Tenedo
1513 2358 1616 2391 etiam

141 2405 312 2443 Callistus
338 2417 442 2451 quem
477 2407 662 2451 appellant
701 2407 903 2452 patriarcha
938 2408 1149 2440 constitutus
1182 2417 1304 2440 rursus
1342 2416 1361 2439 a
1396 2405 1616 2451 Palaeologo

71 2487 74 2489 Α
138 2465 228 2499 rege
266 2459 390 2498 utpote
426 2454 533 2488 rebus
571 2456 648 2488 eius
686 2461 725 2488 ut
752 2455 941 2489 videbatur
973 2455 1142 2496 studens,
1167 2455 1293 2499 {neque
1320 2459 1436 2487 tamen
1464 2452 1616 2487 dilectus

126 2503 211 2536 'nisi
238 2512 283 2536 ex
309 2502 386 2536 eius
413 2507 538 2546 ageret
563 2503 748 2537 arbitratu.
806 2503 863 2535 hic
904 2503 995 2535 enim
1022 2502 1168 2536 volebat
1196 2511 1318 2535 omnes
1346 2502 1383 2534 in
1410 2501 1616 2535 universum

142 2550 333 2594 episcopos
360 2554 396 2583 et
419 2550 625 2584 sacerdotes
668 2550 865 2595 episcopali
895 2551 1082 2583 sacerdote
1118 2560 1265 2583 exuere.
1315 2549 1393 2593 regi
1430 2558 1519 2582 uero
1545 2558 1617 2582 non

143 2603 219 2633 erat
244 2596 320 2630 ullo
349 2597 452 2630 modo
479 2597 685 2641 tolerabile,
711 2599 781 2631 nisi
809 2598 875 2631 sibi
912 2598 1067 2631 invicem
1109 2598 1310 2631 obiicerent
1338 2596 1498 2638 crimina,
1527 2605 1618 2630 con..

142 2645 332 2680 venientes
356 2645 393 2678 in
419 2655 538 2678 unum.
596 2656 678 2680 sero
716 2646 855 2690 quidem
894 2651 930 2679 et
956 2645 1155 2690 aegerrime
1192 2634 1289 2690 regis
1317 2644 1504 2678 humanum
1531 2644 1620 2678 vicit

145 2691 350 2734 consilium,
375 2702 493 2737 neque
519 2694 614 2727 omni
643 2704 686 2727 ex
713 2699 812 2737 parte
838 2694 943 2735 vicit3
972 2694 1153 2737 episcopis
1175 2693 1267 2727 enim
1295 2692 1355 2727 vel
1382 2692 1516 2725 invitus
1547 2691 1619 2727 Ca..

140 2740 250 2775 lixtus
278 2749 412 2772 morem
437 2740 586 2785 gerebat
610 2741 835 2786 patriarchae
865 2751 953 2775 vero
980 2746 1062 2784 post
1094 2752 1133 2775 se
1164 2745 1284 2775 creato
1311 2740 1467 2775 Coccino
1493 2739 1619 2773 Philo-

142 2787 226 2823 theo
254 2787 468 2832 cognomine
497 2798 641 2834 prorsus
666 2788 768 2823 nullo
794 2789 910 2823 modo.
962 2789 1024 2823 sed
1065 2788 1196 2823 eisdem
1227 2788 1406 2835 episcopis
1436 2796 1619 2823 convoca.
