1728 3146
1572 0 1589 14 φ
1618 0 1728 72 «amu-:W

143 175 177 227 4
543 186 839 230 NIGEPnom
882 171 1191 230 eumcum

193 231 208 245 Ι

143 290 253 346 λαδη
283 290 355 334 τὸν
386 292 585 349 τοξότην,
614 295 697 335 τῶν
725 295 845 336 δυοῖν
883 293 1184 348 διατριβόντων
1216 291 1454 347 φωστήρων
1483 289 1604 347 τηνι-

142 359 288 414 καῦτα,
318 360 389 399 καί
416 357 538 411 μόλις
567 374 648 401 που
681 362 973 402 πεντεκαίδεκα
1012 361 1164 412 μοίρας
1197 356 1494 414 ἀφισταμένων
1523 354 1604 400 ἆλ-

141 421 308 479 λήλων,
347 423 453 476 μετὰ
488 423 665 468 σύνοδον
695 420 774 481 ἤδη
807 427 878 480 τῆς
898 427 1072 480 σελήνης
1103 422 1442 480 φευγούσηςτὸν
1468 420 1602 479 ἥλιον,

141 491 214 532 καί
239 488 368 546 μήπω
398 493 496 545 μηδ’
535 491 669 546 αὐτῆς
699 494 799 548 μηδ’
840 492 911 534 ἐπὶ
938 489 1082 547 βραχὺ
1130 493 1364 545 δυναμένης
1396 493 1603 547 βραχείας

139 559 239 611 γοῦν
271 561 323 614 τῇ
367 559 462 599 καθ’
505 559 615 613 ἡμᾶς
659 560 881 615 οἰκουμένῃ
921 563 1118 613 χορηγεῖν
1149 558 1233 599 τῶν
1271 558 1434 599 οἰκείων
1461 555 1634 612 αιῖγῶνό

141 621 218 672 τὰς
248 624 486 676 λαμπάδας.
545 622 626 678 ἐγώ
656 626 757 678 γοῦν
777 620 936 679 ἀήθους
968 627 1040 666 καί
1060 626 1179 675 ξένου
1208 623 1321 673 τινὸς
1351 623 1602 677 αἰσθόμενος

80 725 83 728 .
141 690 336 732 ἐντεῦθεν
363 690 551 744 πατάγου
586 690 746 743 τὰμὲν
774 693 919 746 πρῶτα
951 690 1021 732 διὰ
1055 690 1131 745 τήν
1162 689 1320 744 α’ωρίαν
1349 689 1603 746 ἐξεπεπλήγ-

139 772 244 811 μην·
303 752 391 798 εἶτα
437 755 576 812 φωτὸς
609 757 876 808 κομισθέντος
921 758 992 800 καί
1023 756 1126 800 ἰδών
1152 757 1244 799 οὐδ’
1271 754 1404 807 οὕτως
1433 752 1601 799 mmm

139 823 223 863 τῶν
253 826 474 877 γνωρίμων
493 822 605 872 ἐντὸς
633 823 828 876 ἐνόμιζον
855 820 963 866 εἶναι
996 823 1104 880 τινά,
1132 825 1306 879 μακρῶν
1337 824 1408 865 διὰ
1429 822 1504 878 τήν
1529 823 1601 866 ἐκ·
1656 850 1660 851 ⁷

143 889 300 943 δημιάν
334 885 417 943 ἤδη
449 898 529 931 που
574 894 906 944 παραρρυέντων
934 893 1062 943 ἐτῶν,
1094 891 1167 932 καί
1195 891 1302 932 αὐτὰ
1334 889 1486 946 σχεδὸν
1515 891 1600 932 τῶν
1615 895 1658 930 10

139 956 422 1011 χαρακτήρων
453 959 526 1010 τῆς
551 952 854 1011 ὅψεωςματίτοῦ
870 958 920 999 τὰ
950 963 1106 1013 σημεῖα
1135 959 1210 1012 τῆς
1245 959 1346 1011 ἐμῆς
1376 954 1600 1013 ἀφῃρημέ-

140 1036 224 1063 νων
253 1022 433 1076 μνήμης.
492 1019 581 1064 ἇλλ’
611 1025 763 1072 ἐκεῖνος
791 1024 887 1065 ἐπεί
910 1040 952 1065 τε
976 1023 1060 1066 ἴδοι
1092 1026 1163 1065 καί
1192 1023 1392 1079 ἀναγνοίη
1418 1021 1602 1076 βεβαίως

141 1088 239 1140 ἐμέ,
287 1086 440 1141 βύθιόν
481 1106 521 1131 τι
569 1089 641 1131 καί
701 1087 881 1146 σφόδρα,
925 1093 1158 1146 περιπαθὲς
1205 1089 1453 1148 ἀνῴμωξεν,
1515 1083 1601 1132 οἷον

140 1149 306 1207 ἅθρουν
335 1154 428 1197 τινὰ
467 1158 552 1214 καίΜ
575 1154 794 1212 ὄμιχλώδη
837 1157 994 1199 καπνὸν
1037 1161 1281 1212 καμινιαιάς
1318 1152 1500 1213 αἶθᾶλης
1528 1158 1602 1211 τῆς

139 1217 259 1262 ἔνδον
290 1223 482 1272 ἐπιεικοῦς
512 1223 779 1278 ὀδυνωμένης
808 1227 954 1278 ψυχῆς
985 1225 1242 1277 α’ναπέμπων
1269 1226 1345 1266 τοῦ
1371 1225 1658 1276 στόματος·15

140 1287 213 1329 καί
241 1283 330 1341 ἅμα
361 1291 607 1344 περιχυθείς
637 1291 710 1331 καί
735 1291 973 1345 περιβαλών
989 1307 1043 1344 με
1071 1291 1207 1333 οὐκέθ’
1238 1287 1389 1332 ἑαυτὸν
1415 1291 1494 1332 τοῦ
1522 1289 1603 1332 δα-

140 1353 281 1409 κρύειν
310 1357 502 1409 κατέχειν
533 1358 734 1412 ἐδύνατο,
766 1358 854 1398 οὐδ’
902 1356 1078 1412 α’πάγειν
1109 1357 1266 1415 ῥᾳδίως
1295 1355 1432 1399 ἐκεῖνα
1465 1356 1601 1412 δήπου

139 1422 273 1475 λέγειν
304 1418 382 1463 ὅσα
423 1422 565 1478 γνώμη
598 1423 770 1466 δίδωσιν
795 1425 840 1466 ἐκ
870 1422 1003 1480 λύπης
1045 1425 1118 1466 καί
1140 1424 1279 1479 χαρᾶς
1317 1425 1603 1478 ἀνακεραννυ-

139 1490 243 1544 μένη
283 1491 357 1530 καί
400 1489 700 1542 ζυγομαχοῦσα
751 1493 831 1533 καί
863 1507 950 1539 πως
987 1492 1368 1546 μεταχρωννυμὲνη
1409 1488 1484 1545 τήν
1529 1491 1602 1544 τῆς

139 1552 261 1605 ἕξεως
290 1554 436 1610 βαφήν
466 1556 539 1609 τῆς
560 1557 717 1610 ψυχῆς.
760 1556 887 1617 ἔπειτ’
914 1556 1113 1611 α’νασχών
1142 1559 1202 1606 εἰς
1228 1552 1339 1611 ὕψος
1357 1554 1435 1605 τοὶς
1452 1561 1659 1611 χεῖρας20

133 1620 404 1676 “ευ’χαριστιδ
433 1638 513 1675 σοι,
541 1621 729 1665 πάντων”
752 1622 865 1678 ἔλεγε
890 1621 1033 1678 “θεός,
1068 1620 1135 1664 ὅτι
1160 1639 1230 1678 με,
1259 1622 1358 1677 πρίν
1386 1619 1415 1677 ἢ
1441 1625 1600 1675 θανεῖν,

139 1687 298 1742 θεατήν
346 1687 564 1737 ἐδεδοίκεις
597 1692 793 1743 γενέσθαι
823 1693 897 1732 τοῦ
926 1692 1217 1744 ποθουμένου,
1261 1688 1309 1732 ὃν
1351 1688 1431 1744 ἐγώ
1470 1691 1600 1744 μέχρι

141 1756 213 1796 καί
243 1755 285 1804 ἐς
324 1753 421 1798 τόδε
454 1758 537 1798 τῶν
569 1757 612 1797 ἐν
649 1759 729 1813 βιῳ,
767 1756 932 1799 πάντων
962 1757 1108 1811 ῆδέων”
1132 1757 1390 1814 ἐπίπροσθεν
1422 1757 1600 1798 διετετε-

147 1970 346 2016 quindecim
374 1971 450 2005 fere
477 1972 635 2015 partibus
661 1972 809 2006 alterum
834 1972 876 2005 ab
906 1972 1020 2005 altero
1041 1970 1191 2004 distabat
1213 1970 1297 2003 luna
1320 1974 1402 2012 post
1424 1978 1598 2015 congres..
1723 2012 1728 2014 „

145 2030 221 2054 sum
246 2020 313 2052 iam
342 2019 453 2053 solem
488 2020 669 2064 fugiente,
704 2021 752 2052 ita
776 2024 814 2052 ut
840 2020 915 2062 ipsa
939 2029 985 2052 ne
1011 2019 1046 2051 in
1071 2018 1182 2051 breve
1207 2017 1346 2062 quidem
1371 2022 1508 2060 tempus
1539 2016 1598 2051 vel
1723 2022 1728 2064 ι’

147 2067 276 2110 exigua
300 2072 455 2099 nostram
475 2073 602 2100 terram
628 2067 710 2099 luce
736 2066 948 2100 collustrare
972 2070 1105 2109 posset.
1134 2074 1202 2110 ego
1228 2069 1342 2097 autem
1369 2074 1475 2108 quum
1493 2069 1598 2097 noete
1723 2070 1728 2079 ·

152 2114 363 2157 intempesta
394 2124 525 2147 novum
560 2119 665 2158 atque
691 2113 873 2147 insolitum
905 2114 1072 2147 sentirem
1100 2111 1307 2155 strepitum,
1341 2111 1490 2154 primum
1515 2111 1598 2155 qui..

144 2161 222 2194 dem
255 2166 349 2194 metu
376 2162 585 2204 perterritus
627 2171 741 2202 eram3
779 2161 906 2194 deinde
946 2169 1033 2193 vero
1075 2159 1208 2192 lumine
1241 2157 1350 2191 allato
1391 2168 1496 2202 quum
1529 2158 1598 2190 iam

145 2218 293 2241 cernere
324 2208 437 2241 oculis
465 2218 620 2252 possem,
647 2218 868 2252 nequaquam
893 2213 1014 2240 notum
1040 2206 1211 2251 quendam
1238 2205 1323 2238 mihi
1350 2204 1598 2238 hominemin..

144 2261 200 2289 tus
232 2265 309 2289 esse
335 2255 511 2298 putabam.
571 2255 700 2289 multos
732 2257 823 2288 enim
857 2256 923 2289 iam
950 2264 1060 2288 annos
1093 2253 1157 2286 ille
1183 2253 1430 2296 peregrinatus
1459 2252 1597 2292 fuerat,

143 2303 192 2335 ita
216 2307 254 2335 ut
282 2303 450 2345 temporis
475 2303 736 2346 longinquitate
762 2304 862 2346 signa
888 2307 994 2346 atque
1022 2301 1234 2334 lineamenta
1256 2300 1327 2333 oris
1353 2299 1428 2332 eius
1455 2309 1498 2332 ex
1521 2308 1599 2332 mea

142 2349 312 2382 memoria
339 2349 414 2382 fere
445 2350 670 2383 excidissent.
732 2349 796 2382 ille
830 2354 945 2382 autem
974 2358 1078 2393 quum
1104 2358 1159 2380 me
1192 2347 1333 2381 videret
1359 2351 1465 2390 atque
1493 2345 1598 2390 plane

145 2403 369 2440 agnosceret,
384 2397 615 2430 vehementer
645 2402 836 2429 commotus
861 2396 903 2429 ab
932 2397 1001 2428 imo
1030 2400 1176 2438 pectore
1192 2395 1381 2437 suspirium
1408 2393 1539 2434 eduxit,
1565 2396 1600 2424 et

145 2443 259 2477 veluti
285 2444 428 2477 densum
455 2449 561 2488 atque
585 2443 794 2477 nebulosum
822 2444 952 2476 fumum
978 2448 1012 2476 et
1039 2441 1224 2486 fuliginem
1250 2440 1464 2474 fornacalem
1492 2439 1599 2473 animi

144 2492 238 2525 intus
266 2502 398 2524 summo
430 2491 554 2524 dolore
587 2491 779 2524 aestuantis
814 2501 859 2523 ex
889 2501 951 2523 ore
986 2488 1187 2530 exhalavit,
1213 2498 1340 2532 meque
1377 2487 1599 2521 circumdatis

145 2538 240 2571 collo
269 2538 423 2572 brachiis
450 2539 667 2582 amplexatus
693 2548 713 2571 a
741 2537 896 2571 lacrimis
923 2537 990 2571 sibi
1017 2542 1215 2580 temperare
1240 2545 1310 2568 non
1330 2535 1456 2578 potuit,
1481 2542 1598 2577 neque

143 2595 229 2619 sane
259 2596 297 2619 se
326 2591 449 2619 tenere
476 2587 660 2629 quominus
688 2585 845 2628 diceret,
875 2595 966 2629 quae
991 2593 1115 2618 sensus
1140 2593 1301 2616 maerore
1333 2587 1437 2626 atque
1463 2580 1599 2614 laetitia

144 2634 363 2674 commixtus,
391 2643 496 2677 quum
527 2643 645 2666 secum
675 2633 752 2675 ipse
781 2632 1002 2666 conflictatur
1014 2631 1235 2675 animumque
1251 2630 1350 2674 quasi
1376 2628 1446 2662 alio
1476 2627 1598 2661 colore

142 2679 279 2722 imbuit,
305 2680 408 2713 nobis
438 2690 634 2723 suggerere
663 2685 768 2724 atque
804 2680 952 2713 iniicere
981 2679 1086 2713 solet.
1139 2677 1266 2711 deinde
1294 2681 1408 2709 autem
1438 2675 1598 2709 manibus

143 2726 309 2769 sublatis,
346 2729 454 2771 gratis
481 2727 544 2759 tibi
573 2738 660 2772 ago,
687 2727 821 2771 inquit,
850 2727 936 2760 deus
966 2727 1200 2769 omnipotens,
1227 2724 1319 2768 quod
1345 2728 1426 2757 aute
1451 2727 1598 2756 mortem

143 2775 353 2820 optatissimi
377 2775 463 2808 mihi
491 2774 643 2808 hominis
673 2774 839 2817 adspectu
871 2774 939 2808 frui
971 2774 1173 2818 permisisti,
1186 2781 1289 2818 quem
1301 2779 1368 2816 ego
1397 2770 1510 2804 adhuc
1534 2779 1597 2805 us-
