1800 3132
254 148 318 200 54
646 157 944 203 memnoni
987 156 1290 203 GREGORAE
1632 160 1668 211 4

252 267 355 308 λιῶν
385 265 566 318 ἐκείνων,
600 263 747 315 ὅποίας
772 268 817 308 ἑκ
835 265 969 308 πόθου
993 268 1065 307 καί
1085 266 1338 322 φλεγομένης
1354 268 1500 322 ψυχῆς
1529 267 1710 310 ἐποιεῖτο

251 331 358 387 πρὸς
387 334 449 385 σέ,
477 332 549 374 καί
577 333 676 387 πρίν
703 326 744 381 ές
771 332 841 374 τὸν
873 335 1088 386 βασίλειον
1118 330 1250 375 αὐτὸν
1281 333 1523 389 ἀναχθῆναι
1542 334 1710 389 θρόνον,

251 397 324 440 καί
347 393 459 446 ὅπως
476 400 549 452 τῆς
571 401 646 451 σῆς
669 399 865 453 ἐξήρτητο
886 399 964 450 μὲν
987 401 1060 440 καί
1077 397 1257 454 γλώττης
1276 398 1349 440 καί
1365 399 1550 456 γραφῆς,
1567 399 1712 457 ἀφθο-

226 466 462 519 »νωτέρους
493 466 531 506 δ”
561 460 689 513 αὗτός
732 462 835 513 τούς
863 466 1060 507 ἐντεῦθεν
1091 464 1248 520 ε’τρύγα
1275 465 1486 520 καρπούς,
1514 465 1573 517 ὥς
1604 461 1712 509 εἶναι

250 531 413 585 μηδένα
445 532 528 572 τῶν
568 530 734 572 πάντων
779 524 860 588 ὅτῳ
891 535 982 572 ποτ’
1024 525 1076 574 ἂν
1113 532 1311 588 οἰηθῆναι
1344 534 1439 587 ἐνῆν
1466 530 1745 588 ἐγγενέσθαιῦ

255 599 312 655 τῷ
340 592 438 650 ἤθει
463 596 623 651 τροπὴν
653 598 811 639 ἐκείνου
839 596 932 639 τινά
952 630 963 651 ,
992 600 1154 652 μᾶλλον
1182 602 1260 652 μὲν
1287 595 1363 641 οὖν
1391 596 1466 640 καί
1491 599 1713 641 σονεπεδι-

255 659 376 704 δόναι
404 668 497 711 ταῖς
524 666 599 704 τοῦ
627 662 785 717 χρόνου
814 663 983 718 τύχαις.
1043 667 1119 707 νῦν
1149 666 1183 707 δ’
1211 662 1427 721 ἐληλυθώς
1457 665 1531 707 καί
1556 663 1711 719 μαθών

253 727 312 777 ὥς
340 729 386 770 ἐκ
415 729 646 783 διαμέτρου
674 727 727 770 τοὶ
759 727 987 784 πράγματα
1010 732 1151 787 σταίη,
1178 733 1251 773 καί
1282 728 1549 785 ἀμοιβάς-σοι
1577 725 1714 787 διδοίη

251 798 333 838 τῶν
380 794 516 836 πόνων
555 797 629 837 καί
674 797 859 852 φίλτρων
901 796 1102 847 οἴαςοοί
1136 800 1214 852 μὲν
1244 798 1351 853 ὑπὲρ
1381 798 1601 851 εὐσεβείας
1630 797 1715 840 ἆθ-

248 863 395 904 ,λοῦντι
425 862 572 917 φέρειν
602 863 757 916 ἐχρῆν,
803 865 944 922 ἐκείνῳ
987 866 1028 906 δ’
1074 863 1290 922 ἐπιφέρειν
1336 865 1390 906 ου’
1423 862 1541 918 μάλα
1584 866 1714 920 ἐχρῆν
1729 875 1771 911 10

256 925 375 984 (οὔτε
417 926 497 982 γάρ
530 927 583 970 ὀἱ
627 927 782 988 διώκτῃ
821 934 1018 984 γενέσθαι
1064 933 1138 987 τῆς
1184 932 1399 986 εὐσεβείας
1428 929 1586 988 ἐχρῆν,
1619 927 1715 974 οὔθ’

254 991 367 1044 ὅπως
408 997 509 1037 ποτὲ
554 998 762 1054 γενομένῳ
805 995 908 1039 κατὰ
953 999 1030 1040 σοῦ
1067 1000 1235 1054 κινῆσαι
1274 996 1352 1053 τῆν
1397 997 1568 1053 γνώμην
1608 993 1715 1047 ὅλως

253 1062 425 1118 ἐχρῆν),
460 1064 507 1104 σὲ
540 1064 619 1115 μὲν
648 1062 887 1118 ε’μακάρισα
916 1066 989 1119 τῆς
1009 1068 1253 1121 καρτερίας,
1284 1065 1400 1124 αὐτῷ
1431 1065 1468 1106 δ’
1494 1063 1716 1120 ἠχθέσθην

253 1129 423 1184 σφόδρα
453 1144 500 1182 γε
540 1129 613 1183 τῆς
644 1129 857 1179 α’πονοιάς.
915 1133 1074 1184 μᾶλλον
1094 1133 1131 1173 δ’
1164 1129 1378 1187 ἐδάκρυσα
1407 1130 1716 1186 τῆςόἶπωλείας

253 1194 326 1237 τόν
367 1191 604 1251 ἄνθρωπον.
675 1199 748 1238 καί
785 1199 926 1250 μέντοι
967 1196 1041 1240 καὶ
1075 1196 1332 1252 ἐθαύμασα,
1372 1199 1445 1241 καί
1478 1194 1716 1251 θαυμάζων
1730 1207 1773 1243 15

254 1263 308 1304 ου’
339 1262 571 1319 παύσομαι,
602 1265 690 1313 πῶς
727 1264 923 1306 τοσοῦτον
966 1264 988 1307 ὅ
1018 1265 1282 1319 ταλαίπωρος
1325 1262 1533 1307 ἐλάνθανε
1563 1262 1716 1318 χρόνον

253 1328 425 1384 α’γριόυς
457 1326 565 1373 οὕτω
596 1333 734 1386 θῆρας
762 1334 909 1381 κακίας
938 1333 982 1374 ἐν
1008 1333 1059 1390 τῇ
1087 1329 1225 1389 λόχμῃ
1266 1329 1431 1385 βόσκων
1458 1331 1532 1386 τῆς
1557 1331 1715 1384 ψυχῆς.

252 1396 292 1437 εἰ
319 1398 397 1449 μὲν
428 1392 503 1438 οὖν
525 1397 655 1451 ἱεροῖς
680 1398 767 1440 τισί
793 1398 870 1440 καί
897 1397 1148 1455 α’πορρὴτοις
1178 1397 1242 1453 εἴη
1270 1398 1406 1452 λόγοις
1439 1394 1717 1449 ἐνδιαιτώμε-

254 1477 324 1504 νον
350 1461 395 1506 τό
427 1467 618 1518 πρᾶγμα,
648 1465 916 1519 θαυμάζοιμι
944 1467 1058 1519 μέντ’
1086 1461 1136 1507 ὃν
1164 1466 1233 1507 αἐἰ
1260 1465 1447 1515 σιωπῶν,
1477 1463 1650 1520 ζήτησιν
1680 1463 1715 1504 δ’

256 1531 459 1583 οὐδεμίαν
490 1526 661 1589 οὖδαμῇ
692 1534 793 1575 ποτὲ
823 1530 984 1582 λύσεως
1011 1533 1297 1589 προενέγκοιμ’
1325 1528 1379 1575 ἄν
1407 1528 1565 1573 οὐδενί.
1625 1529 1716 1572 ἀλλ’
1729 1542 1775 1579 20

256 1596 353 1639 α’ντί
381 1595 546 1640 πάντων
574 1597 625 1641 τοὶ
652 1600 724 1654 τῆς
750 1600 826 1654 σῆς
845 1593 1011 1654 ἀρκέσει
1029 1615 1104 1654 μοι
1131 1602 1318 1654 θεωρίας
1349 1595 1454 1653 πρὸς
1479 1597 1715 1652 θεραπείαν

255 1662 485 1721 φάρμακα,
528 1664 602 1708 καί
627 1664 672 1709 εἴ
705 1668 782 1709 τιν’
814 1661 962 1710 ἄλλοσε
996 1669 1212 1724 φέρουσαν
1239 1663 1410 1722 βούλοιο
1440 1660 1590 1720 ’κοινὴν
1619 1662 1715 1717 ὅμι-

254 1891 325 1926 tuis
349 1889 570 1925 sermonibus
595 1889 810 1934 scriptisque
838 1890 1024 1924 devinctus
1051 1889 1247 1924 uberrimos
1278 1888 1412 1923 fructus
1437 1887 1521 1922 inde
1536 1887 1713 1934 collegis..

254 1945 320 1974 set.
372 1948 481 1983 quare
507 1942 640 1971 tantum
666 1938 799 1979 aberat,
829 1942 867 1971 ut
893 1937 969 1971 eiu‘s
995 1947 1111 1970 mores
1138 1937 1368 1970 mutationem
1394 1935 1566 1980 quandam
1591 1935 1712 1970 subire

253 1996 360 2030 posse
386 1986 463 2030 quis
490 1989 642 2029 putaret,
667 1990 706 2018 ut
731 1994 792 2018 eos
819 1985 923 2018 etiam
948 1985 1117 2028 temporis
1144 1989 1249 2028 atque
1264 1983 1427 2017 fortunae
1449 1982 1713 2018 conditionibus

254 2035 510 2067 incrementum
540 2037 704 2075 capturos
732 2042 811 2066 esse
839 2032 1080 2066 arbitraretur.
1142 2041 1245 2075 quum
1274 2035 1391 2064 autem
1416 2034 1497 2073 post
1524 2030 1713 2064 adventum

253 2091 370 2114 meum
399 2089 667 2124 cognoscerem,
692 2089 809 2112 rerum
838 2084 964 2112 statum
991 2078 1098 2123 plane
1133 2078 1345 2111 contrarium
1375 2087 1459 2118 esse,
1481 2082 1517 2110 et
1546 2083 1624 2110 eum
1649 2077 1713 2111 tibi

253 2137 318 2172 pro
345 2126 525 2160 laboribus
553 2132 658 2170 atque
683 2126 859 2159 amoribus
894 2127 1040 2171 gratiam
1066 2125 1172 2158 talem
1197 2125 1354 2166 referre,
1391 2123 1532 2169 qualem
1563 2129 1602 2157 tu
1627 2125 1710 2169 qui..

254 2176 331 2209 dem
357 2179 396 2207 ut
420 2174 608 2218 religionis
645 2173 777 2207 athleta
806 2175 972 2217 accipere
1007 2172 1186 2214 debebas,
1223 2171 1288 2204 ille
1322 2181 1409 2206 vero
1445 2171 1713 2216 haudquaquam

254 2222 393 2256 referre
420 2220 571 2254 debebat
598 2221 854 2265 (nequeenim
879 2220 1094 2264 religionem
1120 2229 1271 2264 unquam
1305 2219 1475 2263 persequi
1502 2228 1647 2263 neque,
1682 2219 1713 2252 si

254 2268 391 2314 quando
421 2268 490 2301 hoe
522 2268 682 2310 faceret,
721 2278 861 2301 sensum
887 2278 987 2302 suum
1023 2268 1060 2300 in
1095 2273 1131 2301 te
1162 2266 1231 2300 ulla
1279 2276 1322 2299 ex
1349 2270 1450 2309 parte
1473 2269 1609 2298 mutare
1635 2276 1713 2299 eum

253 2315 435 2360 decebat),
461 2321 497 2348 te
526 2315 667 2359 quidem
696 2315 741 2348 ob
768 2315 1008 2349 fortitudinem
1039 2314 1180 2348 felicem
1206 2313 1476 2357 praedicabam,
1515 2311 1571 2346 illi
1597 2317 1714 2346 autem

254 2364 299 2397 ob
326 2363 536 2396 dementiam
573 2372 669 2395 suam
700 2372 869 2407 perquam
903 2360 1175 2403 succenseba'm3
1201 2360 1449 2394 vehementius
1481 2364 1599 2393 tamen
1636 2360 1712 2394 eius

252 2410 433 2444 interitum
458 2408 709 2442 illacrimabar.
767 2409 919 2443 mirabar
952 2420 1037 2443 sane
1064 2419 1181 2453 neque
1206 2417 1358 2452 unquam
1382 2407 1502 2440 mirari
1528 2406 1684 2445 desinam
1701 2431 1712 2448 ‚

253 2457 428 2503 quomodo
457 2457 565 2489 miser
590 2456 658 2489 iste
687 2462 819 2490 tantum
841 2458 1011 2501 temporis
1038 2461 1107 2489 tam
1132 2456 1226 2489 feras
1250 2460 1356 2499 atque
1371 2452 1548 2497 improbas
1574 2452 1713 2487 belluas

250 2507 287 2538 in
313 2504 419 2537 animi
444 2503 590 2537 latebris
618 2503 708 2536 clam
727 2504 825 2537 alere
851 2505 1018 2548 potuerit.
1048 2503 1078 2537 si
1103 2513 1159 2536 res
1183 2503 1294 2536 sacris
1319 2501 1524 2546 quibusdam
1551 2505 1586 2534 et
1610 2510 1712 2534 arca..

251 2552 307 2585 nis
332 2550 528 2584 rationibus
554 2550 717 2584 involuta
743 2556 808 2592 est,
836 2553 944 2585 tacite
971 2561 1046 2584 eam
1071 2560 1212 2593 semper
1237 2549 1390 2583 mirabor
1417 2558 1535 2592 neque
1560 2558 1714 2592 unquam

254 2609 298 2632 ex
323 2597 398 2630 ullo
430 2598 690 2641 quaesiverim,
721 2599 895 2643 quomodo
926 2598 1085 2642 expediri
1110 2596 1234 2641 possit.
1279 2596 1341 2631 sed
1366 2605 1452 2639 prae
1478 2596 1608 2629 ceteris
1635 2604 1713 2628 om..

255 2645 361 2680 nibus
390 2644 433 2677 ad
456 2654 569 2678 meam
599 2646 816 2678 curationem
841 2646 1021 2680 sufficient
1045 2645 1312 2686 medicamenta3
1340 2653 1430 2688 quae
1454 2647 1536 2676 tuae
1550 2646 1713 2676 contem-

260 2692 440 2737 plationes
468 2691 651 2735 praebent,
668 2694 773 2727 etiam
796 2693 826 2727 si
852 2693 1070 2737 colloquium
1095 2692 1138 2726 de
1153 2690 1233 2726 aliis
1246 2691 1352 2725 rebus
1365 2700 1501 2724 mecum
1526 2689 1711 2723 instituere

260 2738 367 2774 velis.
411 2738 466 2773 sin
496 2743 611 2772 autem
638 2745 754 2774 mente
783 2739 918 2774 doctam
948 2740 1117 2785 quandam
1143 2739 1394 2784 cogitationem
1411 2736 1642 2781 conceperis,
1666 2746 1713 2771 ne
