1786 3138
248 123 348 179 4212
509 118 512 122 ’
693 135 990 183 mumioni
1031 138 1335 182 aneonAn

244 244 444 295 πολλάκις
471 243 545 300 τὴν
573 243 696 289 θείαν
723 242 890 301 ὁρῶμεν
919 244 1090 303 γραφὴν
1118 245 1379 303 κεχρημένην
1406 247 1586 305 (χρῆται
1610 246 1696 306 γὰρ

242 309 349 354 κατὰ
378 310 448 354 τὸν
478 311 620 368 ’μέγαν
648 311 881 354 Βασίλειον
918 311 945 368 ἦ
973 311 1119 369 γραφὴ
1166 312 1368 364 πολλάκις
1408 316 1464 371 τῇ
1494 313 1695 373 ἂσαφεάικ,

246 377 543 434 δυσθεώρητον
585 378 963 431 κατασκευάζουσα
998 381 1080 421 τῶν
1121 380 1339 435 δογμάτων
1363 377 1435 422 τὸν
1464 382 1563 423 νοῦν
1589 380 1697 438 πρὸς

240 461 288 487 το
322 446 403 487 τῶν
441 445 774 501 ἐντυγχανόντων
814 445 1062 504 λυσιτελές),
1092 447 1166 489 καὶ
1207 446 1282 490 διὰ
1320 445 1396 502 τὴν
1431 449 1521 490 τῶν.
1558 444 1696 498 ἄλλως

243 511 479 553 ἀκουόντων
508 512 828 568 ἀγνωμοσύνην,
861 512 967 555 ἀλλὰ
994 515 1069 556 τοῦ
1097 529 1144 570 γε
1191 514 1371 570 στερροῦ
1396 514 1470 557 καὶ
1499 513 1728 570 &vante-⁵

242 578 367 635 ρήτου
413 580 496 620 τῶν
537 580 687 621 κοινῶν
729 580 897 621 ἐννοιῶν
942 579 1043 622 οὐδὲ
1086 580 1149 623 ‘ro'
1174 580 1453 637 σμικρότατον
1479 581 1579 637 γοῦν
1608 579 1693 631 ἐξί-

241 648 427 687 στασθαι
452 646 561 700 χρή,
595 645 683 687 ἀλλ’
714 646 932 702 ὁμολογεῖν
961 647 1040 700 μὲν
1066 646 1126 703 μὴ
1154 651 1287 699 νοεῖν,
1319 646 1436 689 καθὰ
1463 646 1538 690 καὶ
1565 644 1591 689 ὅ
1614 645 1693 701 μὲ-
1744 675 1763 697 x

241 727 318 767 γας
347 717 551 769 παραινεῖ
573 712 814 763 Βασίλειος,
842 712 901 768 μὴ
932 714 1093 769 ἐξάγειν
1124 715 1170 757 δὲ
1197 713 1304 771 πρὸς
1328 714 1534 770 βεβήλους
1564 711 1694 763 άκοάς
1752 720 1761 734 ”

239 778 299 820 τὸ’
317 781 400 821 τῶν
425 780 556 822 θείων
588 779 807 835 δογμάτων
836 779 1017 830 οστῶδες
1044 782 1118 823 καί
1148 780 1443 837 δυσθεώρητον
1475 785 1567 830 τοῖς
1598 780 1691 822 ἅτε-

189 845 366 888 θλέσιν.
438 863 459 887 ο
494 845 592 896 θεὸς
621 846 724 902 γάρ,
772 845 829 896 ὦς
874 845 896 888 ὅ
939 850 1055 899 θεῖος
1091 847 1174 904 ἐφη
1204 847 1452 897 Διονύσιος,
1491 852 1585 924 τοῖςε
1614 847 1752 901 μὲνιο

240 911 359 953 ιῖτελ’
339 929 404 953 εσι
428 911 584 962 τέλειος
623 908 732 954 εἶναι
761 915 901 963 δοκεῖ,
940 918 1026 963 τοῖς
1056 914 1101 956 δὲ
1130 913 1303 963 τελείοις
1335 913 1491 971 ἀτελής.
1548 929 1585 956 οι
1613 913 1692 967 μὲν

235 977 316 1034 γὰρ
349 978 506 1028 ἀτελεῖς
526 978 682 1022 εἰδέναι
698 979 776 1034 μὲν
805 978 974 1031 οἴονται,
994 980 1067 1021 οὐκ
1098 979 1217 1022 ἰσασι
1245 981 1314 1022 δέ·
1342 984 1430 1030 τοῖς
1447 980 1494 1022 δὲ
1519 979 1693 1030 τελείοις
1756 1014 1761 1021 .

236 1043 372 1100 οἴησις
401 1046 479 1099 μὲν
510 1045 584 1086 οὐκ
611 1045 711 1096 ἔστι,
743 1039 898 1102 γνῶσις
926 1048 973 1089 δὲ
995 1048 1070 1089 τοῦ
1089 1047 1149 1103 μὴ
1177 1047 1336 1090 εἰδέναι
1358 1047 1584 1103 πρόσεστιν
1613 1046 1691 1088 αὖ-

234 1111 430 1167 τόχρημα
463 1111 724 1154 διδάσκουσα
750 1115 1076 1155 ταπεινοῦσθαι·
1136 1114 1326 1163 ἐπίτασις
1363 1115 1446 1171 γάρ
1479 1130 1587 1171 φησι
1617 1129 1691 1156 σο-

239 1179 341 1234 φίας
367 1178 558 1221 ἐπίτασιν
597 1185 713 1220 ποιεῖ
736 1181 1051 1229 ταπεινώσεως·
1121 1180 1168 1222 οὗ
1211 1179 1292 1237 γὰρ
1323 1182 1368 1223 ἐκ
1395 1183 1470 1236 τῆς
1498 1180 1692 1237 θεότητος
1705 1192 1749 1229 15

234 1244 280 1287 τὸ
307 1244 488 1300 μέγεθος
512 1248 586 1287 τοῦ
632 1246 925 1302 ἆκαταλήπτου
964 1252 1075 1289 νοεῖν
1104 1249 1367 1303 ἐκζητοῦσιν,
1408 1247 1498 1289 ἀλλ’
1536 1249 1582 1290 ἐκ
1607 1250 1691 1290 τῶν

59 1315 86 1351 f.
103 1315 222 1352 2361».
238 1312 482 1367 ποιημάτων
500 1311 574 1354 τὸν
602 1312 775 1368 ποιητὴν
797 1313 1112 1369 ἀνεξερεύνητον
1133 1310 1239 1355 ειναι
1265 1314 1545 1368 μανθάνουσι,
1575 1311 1693 1356 καθὰ

235 1377 308 1420 καί
337 1376 360 1420 ὅ
385 1378 518 1434 μέγας
548 1379 739 1420 διδάσκει
771 1379 1126 1435 Χρυσόστομος,“
1128 1378 1186 1421 ζτὸ
1217 1378 1276 1436 μὴ
1303 1379 1596 1437 ἐφικνεῖσθαι”
1624 1379 1692 1423 λέ-

233 1460 318 1500 γων
343 1443 496 1500 “wyde-
502 1445 712 1487 δύνασθαι
745 1448 828 1488 τῶν
849 1447 1244 1503 δημιουργηθέντων
1257 1445 1328 1489 τὸν
1356 1448 1478 1502 λόγον
1506 1450 1692 1489 καταλα-

232 1514 324 1565 βεῖν
352 1529 411 1566 μη
438 1511 620 1567 γινέσθω
663 1512 762 1568 ἡμῖν
810 1513 1007 1563 ἀπιστίας
1053 1512 1282 1566 υπόθεσις,
1317 1513 1424 1556 ἀλλὰ
1451 1507 1750 1569 ὁοξολογίας2ο

234 1577 431 1633 ἀφορμή·
506 1576 607 1620 ὅταν
634 1579 715 1636 γὰρ
760 1580 937 1637 άτονήσῃ
980 1580 1003 1622 ὁ
1033 1580 1231 1636 λογισμὸς
1267 1580 1341 1623 καὶ
1369 1580 1430 1636 μὴ
1455 1581 1633 1637 χωρήσῃ
1664 1578 1693 1634 ἦ

236 1642 414 1697 διάνοια,
446 1644 578 1689 ἐννόει
605 1648 680 1691 τοῦ
709 1647 912 1691 δεσπότου
947 1649 1021 1691 τοῦ
1047 1649 1126 1690 σοῦ
1159 1646 1205 1690 τὸ
1233 1648 1413 1704 μέγεθος
1440 1647 1515 1692 καί
1543 1647 1586 1699 ἐξ
1614 1645 1691 1688 αὖ*
1723 1677 1731 1682 -

236 1873 409 1915 evenerit,
436 1873 479 1906 ob
505 1874 691 1908 involucra
718 1880 753 1908 et
782 1875 1032 1910 obscuritatem
1057 1875 1252 1919 scripturae
1269 1874 1369 1919 quasi
1394 1873 1552 1908 tenebris
1574 1874 1689 1908 inter-

233 1921 314 1954 dum
340 1920 523 1955 involutae
549 1926 585 1955 et
609 1922 654 1955 ob
679 1923 848 1966 profanos
871 1923 1063 1957 secundum
1088 1932 1163 1956 eam
1189 1922 1373 1963 rationem,
1402 1930 1471 1965 qua
1497 1929 1606 1965 saepe
1630 1920 1689 1955 di..

238 1969 354 2001 vinam
381 1968 589 2012 scripturam
614 1970 666 2002 uti
695 1971 867 2003 videmus.
918 1971 1027 2003 utitur
1053 1971 1159 2011 enim,
1183 1974 1222 2003 ut
1249 1978 1396 2013 magnus
1411 1967 1565 2002 Basilius
1588 1968 1689 2011 dicit,

234 2015 408 2059 scriptura
433 2025 541 2059 saepe
567 2016 784 2050 obscuritate
810 2022 846 2050 et
869 2016 1052 2052 difficilem
1081 2016 1266 2050 intellectu
1293 2016 1409 2049 reddit
1432 2025 1574 2049 sensum
1597 2015 1689 2060 dog-

232 2068 361 2095 matum
388 2062 429 2096 ad
455 2062 647 2108 legentium
685 2064 871 2098 utilitatem
907 2070 943 2098 et
967 2064 1011 2097 ob
1037 2064 1302 2108 imprudentiam
1339 2071 1473 2104 eorum,
1498 2061 1556 2106 qui
1581 2061 1690 2096 aliter
1724 2071 1727 2074 ’

233 2109 460 2153 intelligunt3
496 2116 612 2144 tamen
649 2111 694 2144 de
730 2112 837 2145 firmis
865 2117 899 2146 et
923 2111 1202 2145 irrefutabilibus
1237 2108 1477 2143 communibus
1501 2110 1688 2144 sententiis

232 2167 279 2190 ne
304 2157 444 2190 minima
470 2158 609 2202 quidem
633 2158 804 2192 dubitatio
834 2159 1006 2193 exsistere
1032 2163 1161 2202 potest,
1186 2157 1248 2192 sed
1275 2166 1397 2190 omnes
1422 2156 1554 2200 pariter
1577 2156 1688 2191 intel-

232 2203 349 2248 ligere
377 2203 533 2246 debent,
560 2215 706 2249 magnus
728 2205 883 2240 Basilius
908 2211 1046 2247 monet,
1071 2216 1116 2239 ne
1141 2205 1184 2238 ad
1212 2204 1377 2248 profanas
1413 2213 1517 2237 aures
1543 2203 1687 2238 divino..

231 2261 307 2283 rum
332 2250 532 2295 dogmatum
558 2262 649 2296 quae
675 2253 818 2296 spinosa
846 2258 880 2286 et
905 2253 947 2286 ad
977 2251 1246 2297 intelligendum
1279 2249 1440 2288 difficilia
1464 2255 1546 2284 sunt
1569 2255 1688 2284 trans-

231 2298 402 2331 ferantur.
452 2299 536 2332 deus
566 2300 671 2341 enim,
698 2299 732 2333 S.
761 2300 954 2342 Dionysius
977 2300 1047 2342 ait,
1091 2299 1249 2343 profanis
1274 2298 1392 2332 finitus
1418 2307 1498 2331 esse
1522 2297 1686 2339 videtur,

230 2345 380 2378 initiatis
405 2351 521 2379 autem
547 2346 716 2388 infinitus,
749 2347 887 2391 profani
915 2348 1006 2380 enim
1031 2357 1070 2380 se
1096 2347 1188 2380 scire
1213 2345 1380 2386 credunt,
1421 2345 1482 2378 sed
1508 2344 1684 2386 nesciunt,

229 2392 358 2425 initiati
385 2397 501 2426 autem
526 2402 599 2426 non
626 2395 796 2435 credunt,
830 2395 892 2428 sed
918 2395 1045 2428 sciunt.
1107 2403 1186 2426 cum
1213 2392 1402 2425 inscientia
1428 2392 1570 2424 omnino
1596 2401 1686 2424 con..

230 2440 351 2472 iuncta
381 2445 435 2473 est
463 2439 653 2482 humilitas,
682 2442 830 2474 scientia
858 2442 962 2482 enim,
988 2441 1086 2482 dicit,
1113 2440 1275 2483 opposita
1309 2443 1363 2472 est
1387 2437 1590 2472 humilitati.
1613 2447 1685 2472 non

232 2487 325 2519 enim
354 2497 398 2520 ex
422 2487 553 2521 deitate
573 2489 850 2530 magnitudinem
869 2486 1277 2532 incomprehensibilium
1297 2484 1504 2529 intelligere
1530 2485 1683 2526 student,

232 2543 354 2566 verum
379 2539 496 2567 tamen
522 2544 565 2567 ex
593 2535 762 2577 poematis
791 2541 931 2578 poetam
970 2534 1240 2579 intelligendum
1277 2543 1356 2566 esse
1382 2532 1685 2573 docentur,fsicut

230 2589 376 2623 magnus
403 2580 675 2623 chrysostomus
693 2582 858 2623 ostendit,
887 2581 948 2615 ubi
966 2582 1080 2617 edicit:
1108 2580 1201 2625 quod
1224 2589 1296 2613 non
1316 2579 1452 2623 percipi
1477 2580 1590 2622 possit
1616 2588 1684 2611 nec

229 2627 481 2670 comprehendi
505 2627 687 2661 doctorum
713 2630 839 2670 oratio,
866 2630 1030 2662 nouerit
1053 2628 1156 2661 nohis
1176 2627 1309 2660 fractae
1334 2626 1415 2659 fidei
1441 2625 1681 2669 opprobrium,

228 2673 290 2707 sed
318 2673 418 2715 laus3
445 2674 502 2706 ubi
529 2675 622 2708 enim
645 2675 774 2709 debilis
802 2680 856 2708 est
881 2676 985 2717 ratio,
1014 2686 1080 2709 nec
1103 2674 1262 2708 succedit
1288 2673 1477 2714 sententia,
1507 2671 1681 2717 intelligis

227 2720 358 2759 domini
385 2721 434 2757 tui
470 2721 741 2770 magnitudinem
777 2727 812 2757 et
835 2723 881 2756 ob
914 2732 989 2756 enm
1027 2722 1135 2766 ipsam
1163 2731 1314 2762 causam,
1348 2719 1442 2766 quod
1468 2720 1579 2754 virtus
1605 2719 1681 2754 cius
