1826 3120
275 138 340 191 74·
672 147 968 193 NicEPflom
1008 147 1311 191 cumomn-

273 255 389 307 λαμᾶ
429 253 678 308 δυσοεβέσιν
728 254 1002 310 ἐντετύχηκας
1035 253 1279 308 γράμμασιν
1321 252 1500 311 ἔκδημος
1527 251 1630 310 σύγε
1653 248 1725 308 ὅν,

272 318 368 370 ἑνός
397 321 476 375 ἐγώ
509 322 580 364 καί
607 324 724 364 δυοῖν
750 324 832 364 τῶν
861 323 1018 364 ἐκείνου
1048 323 1122 363 νῦν
1152 322 1197 362 ἑκ
1239 326 1312 364 τοῦ
1342 319 1496 375 σχεδόν
1522 321 1732 377 μνησθεὶς,

275 380 584 442 ἀπαλλάξομαι,
612 388 665 430 ἵν’
693 388 749 437 ὥς
779 389 824 430 ἐκ
849 389 1086 443 κρασπέδου
1105 386 1148 429 τὸ
1179 383 1378 444 ὕφασμα,
1407 388 1546 444 γνοίης
1564 383 1630 446 7(ἲν
1657 389 1729 430 καί

275 452 403 505 αὐτὸς
432 451 545 504 ὅπως
575 458 619 498 ἐκ
646 458 980 510 μοχθηροτέρων
1011 457 1164 506 ἐκεῖνος
1196 454 1464 510 προλήψεων,
1493 470 1727 510 σπερματι-

275 522 355 570 καῖς
385 520 633 575 ἐγκειμένων
663 529 753 571 ταῖς
785 524 1145 577 ἑκτετυφωμέναις
1173 522 1310 564 αὐτοῦ
1339 523 1544 570 διανοίαις
1562 552 1575 575 ,
1593 523 1760 576 δῆμον5

274 586 481 642 τοσαύτης
512 591 659 637 κακίας
685 587 705 630 ὁ
735 587 926 637 κάκιστος
958 587 1220 643 ἐξηρεύξατο.
1261 591 1355 631 ἐπεὶ
1380 586 1461 644 γάρ
1485 588 1592 642 μετά
1623 591 1728 631 πολ-

274 651 370 702 λούς
400 670 513 703 τινας
545 654 727 710 δρόμους
756 655 829 714 βίᾳ
858 658 930 698 καί
952 655 1076 708 μόλις
1103 658 1175 711 τῆς
1204 657 1245 705 ἐς
1276 657 1590 710 Θεσσαλονίκην-
1609 652 1726 699 εἰσό-

275 721 351 760 δου
381 720 629 775 τετύχηκεν,
664 724 721 765 ἐῶ
750 726 882 776 λέγειν
914 721 1045 764 ὁπόσα
1083 721 1236 764 θεόθεν
1265 722 1439 778 ἐδείχθη
1469 727 1622 778 σημεῖα
1651 719 1725 776 τήν

273 784 436 828 εἴσοδον
480 783 733 844 αὐτόχρημα
773 787 926 832 τούτου
968 788 1229 843 χλευάζοντα
1272 793 1344 832 καί
1370 787 1724 843 ἀποτρεπόμενοι·

273 851 363 895 ἔστι
403 853 484 919 γὰρ
518 854 715 898 ἁπάντων
760 858 1041 911 διηγουμένων
1080 857 1249 898 α’κούειν
1284 857 1443 910 συχνοί·
1515 856 1558 904 ἐς
1600 855 1646 897 δὲ
1676 854 1723 898 τὸ
1740 860 1783 895 10

273 923 388 963 θεῖον
419 923 587 975 τέμενος
613 922 684 976 τὴν
713 921 834 979 ἱερὰν
856 926 932 965 σὺν
961 919 1103 973 ἄλλοις
1132 921 1290 979 ἱερεῦσι
1309 923 1724 975 τελοῦντος’θυσιίιν,

272 986 374 1030 κατᾰ
420 991 493 1044 γῆς
527 992 762 1045 κενωθῆναι
803 993 958 1046 συνέβη
999 991 1047 1033 τὰ
1091 993 1207 1044 δῶρα
1246 992 1321 1032 τοῦ
1349 991 1468 1032 θείου
1508 990 1724 1045 κρατῆρος.

272 1054 438 1097 πάντων
468 1052 543 1098 οὖν
571 1060 978 1113 καταπεπληγμένων
1007 1060 1078 1101 ε’πί
1120 1061 1175 1116 τῷ
1206 1055 1405 1113 γεγονότι,
1434 1057 1492 1113 μη“
1523 1060 1726 1114 θορυβεῖ-

271 1124 380 1163 σθαι
412 1123 591 1180 παρῄνει
611 1158 623 1178 ‚
656 1124 696 1166 εἰ
715 1123 792 1180 γάρ
828 1125 871 1167 τό
902 1128 978 1167 τοῦ
1008 1127 1225 1180 Χριστοῦ,
1257 1123 1448 1180 φάσκων,
1478 1123 1574 1166 τότε
1599 1125 1727 1178 χεθὲν

240 1183 378 1242 «αἷμα
414 1195 496 1238 τοῖς
534 1190 756 1240 Ἰουδαίοις
798 1192 1160 1248 καταπεπατηται,
1205 1191 1347 1234 καινόν
1386 1191 1463 1233 ουίι
1491 1186 1542 1234 ἂν
1585 1191 1650 1245 εἴη
1680 1187 1726 1232 τὸ
1741 1198 1782 1233 15

272 1253 354 1297 ὑπό
378 1257 458 1299 τῶν
490 1255 729 1312 ἀνθρώπων
770 1258 1045 1313 ἁγιαζόμενον
1085 1261 1208 1301 τοῦτο
1237 1259 1418 1312 πάσχειν
1455 1255 1590 1301 ratini
1621 1255 1724 1300 κατὰ

228 1324 486 1378 Θούμβασιν
517 1325 709 1367 οὖτωσιί·.
743 1324 844 1383 ὁρᾷς
873 1327 966 1375 οἵας
993 1328 1227 1381 προλήψεις
1257 1323 1365 1380 ἔχων
1394 1327 1439 1367 ἐκ
1467 1324 1624 1369 πολλοῦ
1653 1339 1729 1365 πε-

273 1390 470 1445 φώραται
503 1388 578 1433 κᾶν
621 1393 774 1450 τούτῳ·
835 1392 888 1434 ου’
931 1392 1011 1448 γὰρ
1051 1391 1102 1447 δή
1135 1395 1258 1446 σῶμα
1296 1393 1591 1447 γίνεσθαικαί
1621 1385 1727 1444 αἷμα

278 1459 473 1510 Χριστοῦ
501 1460 589 1500 κατ’
623 1460 831 1514 α’λήθειαν
860 1458 990 1502 οἴεται
1021 1459 1067 1501 τό
1091 1458 1160 1501 διὰ
1192 1462 1273 1501 τῶν
1298 1460 1428 1501 θείων
1455 1460 1527 1513 τῆς
1556 1456 1729 1515 ἵερουρ-
1758 1478 1767 1482 -

273 1527 365 1576 γιάς
392 1525 532 1578 εὐχῶν
575 1525 877 1580 ἁγιαζόμενον,
922 1527 1015 1568 ἀλλ’
1043 1524 1182 1580 ὥσπερ
1227 1526 1452 1582 ὑφειμένον
1483 1522 1590 1568 εἶναι
1619 1526 1784 1579 Mysum

273 1589 373 1632 θεὸν
403 1589 472 1632 τόν
501 1590 587 1634 υἱὸν
618 1596 690 1635 καί
725 1595 799 1648 τῆς
828 1596 906 1636 τοῦ
932 1593 1093 1648 πατρὸς
1133 1593 1279 1642 ου’σιάς
1307 1594 1448 1648 ἕτερον
1489 1594 1534 1636 ἐν
1560 1596 1726 1640 πολλοῖς

272 1659 355 1698 τῶν
403 1657 536 1700 αὔτοῦ
586 1659 954 1716 συγγραμμάτων,
1001 1657 1137 1710 οὕτως
1175 1655 1236 1702 ἔτι
1267 1661 1342 1702 τοῦ
1380 1658 1500 1715 ἱεροῦ
1532 1659 1727 1712 σώματος

271 1721 431 1767 ἐκείνου
470 1727 591 1767 τοῦθ’
649 1726 878 1783 ὑφειμένον
937 1729 1009 1770 καί
1043 1730 1179 1784 πολλῷ
1220 1726 1424 1783 διάφορον
1455 1727 1628 1776 ἐκείνου,
1658 1723 1730 1766 καί

273 1935 399 1979 impios
425 1934 588 1969 Palamae
613 1935 724 1970 libros
754 1936 911 1982 legeris,
938 1937 1040 1971 unius
1080 1947 1147 1981 ego
1174 1937 1234 1970 vel
1259 1937 1403 1970 duarum
1426 1946 1544 1970 rerum
1568 1935 1726 1970 breviter

272 1982 452 2015 mentione
491 1983 582 2016 facta
615 1984 734 2017 dicere
760 1985 946 2025 desistam,
974 1989 1011 2017 ut
1037 1985 1135 2028 quasi
1171 1995 1214 2017 ex
1242 1983 1377 2017 fimbria
1405 1989 1537 2017 textum
1562 1984 1639 2028 ipse
1665 1994 1724 2017 ra-

272 2030 404 2062 tionem
431 2039 647 2075 cognoscas,
689 2042 756 2076 qua
781 2032 849 2065 iste
884 2042 927 2064 cx
957 2032 1104 2064 nefariis
1142 2031 1366 2075 opinionibus
1404 2032 1520 2064 animo
1546 2030 1639 2064 fastu
1665 2036 1724 2063 tu-

272 2081 390 2110 mente
415 2077 530 2111 insitis
562 2084 667 2123 atque
705 2079 833 2112 innatis
871 2084 988 2112 tantae
1026 2078 1258 2122 improbitatis
1283 2078 1411 2111 molem
1445 2078 1724 2122 improbissimus

273 2125 482 2157 evomuerit.
549 2136 652 2170 quum
682 2127 773 2159 enim
818 2126 945 2159 multos
980 2126 1147 2170 quosdam
1187 2131 1267 2170 post
1298 2135 1419 2159 cursus
1451 2125 1724 2159 Thessalonicae

273 2172 453 2204 introitum
480 2172 541 2205 vix
566 2179 670 2217 atque
696 2183 803 2217 aegre
828 2179 951 2206 nactus
988 2178 1093 2214 esset,
1119 2174 1239 2206 omitto
1267 2173 1408 2213 dicere,
1436 2178 1564 2217 quanta
1589 2173 1722 2206 divini..

272 2224 327 2251 tus
354 2219 434 2251 data
459 2220 529 2253 sint
555 2221 656 2264 signa
680 2221 861 2254 introitum
897 2221 971 2254 eius
995 2222 1109 2254 statim
1145 2220 1339 2254 deridentia
1377 2226 1484 2264 atque
1509 2220 1721 2254 aversantia.

272 2266 305 2299 id
333 2266 424 2298 enim
456 2277 501 2300 ex
524 2269 681 2301 cuiusvis
707 2278 870 2301 sermone
895 2269 1009 2311 accipi
1034 2272 1160 2311 potest.
1212 2277 1315 2310 quum
1342 2277 1450 2309 vero,
1479 2277 1521 2300 eo
1541 2267 1577 2300 in
1597 2271 1722 2300 sancto

271 2313 403 2356 templo
432 2324 509 2346 cum
533 2315 661 2347 ceteris
695 2314 937 2348 sacerdotibus
978 2316 1130 2348 divinam
1163 2325 1236 2348 rem
1262 2314 1433 2356 faciente,
1470 2314 1661 2356 accideret,
1685 2319 1725 2347 ut

272 2361 364 2393 sacri
405 2361 527 2394 calicis
562 2361 651 2395 dona
687 2363 723 2395 in
757 2367 886 2395 terram
926 2362 1187 2395 effunderentur
1223 2371 1413 2406 omnesque
1448 2361 1493 2394 ob
1524 2361 1614 2395 hanc
1650 2372 1723 2394 rem

275 2413 394 2441 essent
422 2408 632 2452 stupefacti,
675 2410 751 2452 ipse
782 2409 875 2442 bono
913 2419 974 2443 eos
1011 2411 1126 2443 animo
1166 2419 1245 2442 esse
1282 2409 1379 2442 iubet
1403 2409 1545 2450 dicens,
1583 2409 1613 2442 si
1640 2408 1722 2441 olim

275 2454 404 2488 Christi
432 2457 574 2500 sanguis
599 2457 764 2500 profusus
802 2457 845 2489 ab
870 2457 1008 2491 Iudaeis
1043 2456 1269 2490 conculcatus
1295 2457 1341 2489 sit
1358 2480 1367 2497 ,
1393 2466 1464 2489 non
1490 2466 1575 2489 sane
1601 2456 1723 2488 mirum

274 2512 366 2543 esse,
396 2503 425 2535 si
451 2503 541 2535 idem
568 2503 650 2536 huic
675 2505 838 2548 sanguini
863 2505 906 2537 ab
933 2504 1130 2537 hominibus
1169 2508 1374 2536 consecrato
1411 2503 1463 2536 sic
1490 2502 1634 2536 fortuito
1661 2512 1724 2534 ac-

216 2594 218 2597 ·
274 2549 376 2582 cidat.
428 2550 553 2592 vides,
589 2551 751 2595 qualibus
786 2552 853 2584 iam
880 2552 936 2584 diu
963 2551 1187 2595 opinionibus
1222 2551 1358 2583 deditus
1394 2550 1495 2583 etiam
1530 2550 1566 2583 in
1592 2550 1660 2582 hac
1685 2560 1724 2582 re

272 2597 567 2640 deprehendatur.
593 2608 665 2631 non
690 2600 781 2632 enim
806 2609 931 2642 panem
957 2604 1061 2642 atque
1088 2599 1207 2631 vinum
1233 2598 1362 2631 sanctis
1391 2598 1610 2631 sacerdotum
1638 2607 1723 2641 pre-

272 2643 370 2677 cibus
397 2651 639 2678 consecratum
662 2655 786 2679 verum
812 2656 940 2689 corpus
967 2651 1001 2678 et
1026 2646 1231 2689 sanguinem
1249 2644 1378 2679 Christi
1396 2645 1471 2678 fieri
1499 2645 1622 2685 credit,
1647 2644 1724 2685 scd,

278 2696 316 2724 ut
339 2691 449 2724 filium
488 2692 693 2725 inferiorem
729 2694 829 2726 deum
867 2703 944 2726 esse
987 2698 1021 2725 ct
1054 2704 1072 2725 a
1110 2693 1218 2735 patris
1249 2693 1442 2725 substantia
1479 2692 1657 2725 diversum
1689 2692 1725 2723 in

274 2737 392 2775 multis
419 2748 560 2772 suorum
585 2739 753 2774 librorum
781 2741 877 2782 dicit,
903 2740 950 2774 ita
977 2741 1079 2774 etiam
1108 2740 1217 2773 hocce
1245 2739 1392 2773 inferius
1420 2749 1498 2773 csse
1515 2743 1637 2773 sancto
1662 2738 1725 2772 ilio
