1786 3138
258 137 359 192 432
662 146 962 194 mammem
1001 145 1309 195 GREGORAE
1375 123 1397 161 ³
1456 165 1460 169 -

260 253 452 311 δακρύων
483 251 596 307 ἄξιος
639 256 805 298 πολλῶν
831 255 910 311 μὲν
939 255 1115 306 ἐκεῖνος,
1146 253 1349 296 πλειόνων
1379 255 1415 296 δ’
1447 250 1493 295 οἳ
1514 251 1712 309 καθάπερ

259 321 437 378 δεσπότῃ
489 322 727 374 ursaonae,-
771 318 839 378 ἆρ’
871 321 944 363 οὔκ
987 319 1193 378 ἀργαλέον
1204 352 1216 373 ,
1256 318 1363 363 κατὰ
1398 317 1471 363 τὸν
1511 320 1710 379 φάμενον,

255 390 432 443 πρᾶγμα
461 388 601 439 ἐστίν,
643 384 677 429 ὦ
707 390 760 444 γῆ
803 388 877 431 καὶ
906 387 1009 444 ἥλιε,
1041 386 1215 437 δούλους
1251 385 1452 444 γενέσθαι
1477 402 1709 444 παραφρο-

165 455 420 503 δινοῦντος
460 454 693 507 δεσπότου,
740 455 777 496 εἰ
822 454 868 498 δέ
894 471 956 505 τις
985 456 1027 507 ἐξ
1073 454 1264 509 ἀμαθίας
1290 453 1555 510 κεκινημένος
1585 451 1710 496 αὐτὸν

255 515 397 577 ἑαυτῷ
424 521 494 564 τὸν
527 520 643 578 ἅγιον
671 523 745 564 νῦν
771 523 849 577 μὲν
879 526 1125 579 συμφωνεῖν
1153 522 1226 563 νῦν
1257 523 1294 564 δ’
1315 522 1613 564 ἐναντιοῦσθαι
1639 519 1741 566 λέ-5

253 603 332 642 γοι,
363 586 421 630 5¹2³
466 586 550 631 ἄνω
578 590 657 643 μὲν
683 587 735 631 “3
764 585 1037 646 ἓωράκαμεΰ)
1079 588 1193 645 ἔλεγε
1217 587 1319 631 “nal
1348 587 1392 630 αἱ
1418 585 1710 645 χεῖρες-ἡμῶν

255 654 577 711 ἐψηλάφησαν,”
607 657 680 698 καί
703 654 757 699 αὁ
785 656 906 713 λόγος
933 658 1006 711 τῆς
1037 657 1147 710 ζωῆς
1189 654 1443 712 ἐφανερώθη
1471 652 1609 710 ἧμΐν,”
1636 654 1710 696 καί

251 717 304 761 “ὃ
333 715 581 777 ἑωράκαμεν
627 722 959 779 καταγγέλλομεν
988 720 1123 776 ὖμῖν,”
1160 721 1234 763 καὶ
1262 719 1344 764 ὅσα
1373 720 1472 778 περὶ
1497 722 1573 776 τῆς
1601 718 1706 777 ὅρα-

250 787 324 842 τῆς
353 788 427 829 τοῦ
455 788 607 844 κυριόυ
639 789 896 846 θεοφανείας
938 790 1064 832 δίεισι
1091 787 1162 831 τὸν
1204 787 1582 845 ἀνθρωπικώτερον
1607 788 1706 845 τρό-
1760 802 1766 806 ’

253 870 343 906 πον,
373 854 516 911 βραχὺ
548 858 586 898 δ’
617 855 760 899 ἔπειτα
790 854 1064 913 παρακατιών
1103 857 1227 912 ἕτερα
1255 855 1333 910 μὲν
1377 853 1575 906 διεξιέναι
1613 854 1740 898 ἔδυ-1

250 923 330 972 ξεν,
361 922 533 972 ἐκείνοις
571 924 610 965 δ’
652 919 726 965 οὖν
756 922 1059 979 παραπλήσια,
1091 918 1153 973 οἷς
1193 919 1320 965 οιθεὸν
1367 920 1504 972 οὐδεὶς
1547 917 1709 979 ἑώρακε

251 987 443 1029 πώποτε”
486 988 853 1045 εὐαγγελιζόμενος
895 990 1202 1046 ἀποφαίνεται,
1243 988 1303 1045 μὴ
1331 989 1405 1032 τοῦ
1436 988 1556 1045 ἁγίου
1589 988 1707 1042 διχό-

79 1053 188 1090 Ῑ·233
203 1064 367 1096 Ω-νοιαν
406 1055 803 1112 καταψηφιζέσθω,
847 1057 935 1098 ἀλλ’
978 1052 1132 1098 ἑαυτοῦ
1176 1058 1338 1111 μᾶλλον
1369 1055 1614 1107 ἀσθένειαν,
1645 1053 1709 1098 ὅτι

248 1119 307 1175 μὴ
338 1123 590 1178 θεοπρεπῶς
617 1120 670 1164 τὰ
691 1125 789 1164 θεῖα
813 1125 994 1179 διαιρεῖν
1018 1123 1198 1174 δύναιτο,
1226 1122 1330 1179 μήθ’
1362 1121 1443 1166 ὅσα
1459 1123 1566 1178 μήθ’
1594 1120 1709 1172 ὅπως

249 1187 350 1244 περὶ
376 1189 449 1242 τῆς
480 1186 634 1244 ὁρατῆς
673 1190 748 1230 τοῦ
776 1190 927 1246 κυρίου
958 1190 1216 1246 θεοφανείας
1261 1188 1298 1232 οἱ
1339 1188 1450 1246 ἅγιοι
1492 1189 1710 1246 διαφόρως
1723 1199 1767 1233 15

252 1253 544 1310 ἀπεφήναντο,
573 1254 680 1310 μήθ’
723 1254 804 1298 ὅσα
844 1258 944 1313 περὶ
970 1258 1043 1312 τῆς
1087 1256 1279 1299 ἆκτίστου
1308 1272 1352 1298 τε
1394 1256 1468 1298 καί
1493 1256 1710 1312 μακαριάς

251 1321 377 1364 αὐτοῦ
409 1321 600 1378 φύσεως,
642 1322 838 1379 καθάπερ
883 1323 927 1364 ἐν
967 1323 1220 1382 πολυφωνίᾳ
1259 1325 1477 1378 μουσικῶν
1506 1321 1707 1378 ὄργάνὼν,

248 1389 354 1442 μίαν
383 1390 459 1430 τοῦ
485 1388 674 1441 τεχνίτου
707 1391 812 1430 θεοῦ
849 1388 923 1445 τὴν
966 1390 1214 1447 ἐναρμόνιον
1251 1389 1400 1446 τέχνην
1428 1389 1502 1432 καί
1533 1390 1709 1444 δύναμιν

162 1457 234 1492 66
253 1454 508 1509 ἐμπνέοντός
528 1470 572 1497 τε
602 1455 675 1497 καί
695 1458 953 1512 ἐνηχοῦντος.
1012 1458 1184 1513 συνήσει
1212 1459 1265 1516 δ”,
1283 1453 1415 1512 οἶμαι,
1445 1457 1519 1500 καί
1548 1458 1585 1499 εἰ
1613 1456 1708 1500 λίαν

251 1519 315 1577 εἴη
344 1520 512 1576 νωθρὸς
541 1523 614 1564 καί
645 1522 810 1579 εὐήθης,
840 1523 914 1579 τὴν
953 1523 1120 1580 γνώμην
1148 1526 1379 1569 Διονυσίου
1409 1523 1768 1581 καθαρώτερόνὲὶα

247 1603 291 1629 τε
321 1589 394 1630 καί
434 1588 646 1644 ἀποτάδην
689 1589 851 1633 ἀκούων
882 1591 1102 1642 διεξίοντος
1138 1592 1286 1635 ταυτί·
1363 1591 1438 1634 καί
1464 1594 1583 1634 τοῦτο
1611 1593 1705 1647 γάρ,

250 1651 394 1709 οἶμαι,
427 1657 559 1712 φησί,
589 1655 664 1712 τὴν
694 1658 917 1714 θεολογίαν
949 1658 1230 1711 αἰνίττεσθαι,
1269 1658 1343 1714 τὴν
1368 1661 1451 1702 τῶν
1479 1660 1707 1716 προφητῶν

250 1723 423 1778 δηλαδή,
453 1721 499 1765 τὸ
531 1725 575 1766 ἐκ
603 1726 679 1767 τοῦ
697 1726 884 1782 κρυφίου
913 1724 985 1767 τὸν
1014 1723 1267 1783 ὗπερούσιον
1284 1727 1344 1777 εἰς
1361 1725 1436 1782 τὴν
1464 1728 1564 1768 καθ’
1593 1723 1706 1781 ἡμᾶς

339 1827 397 1862 21.
424 1829 464 1865 ἐκ
488 1827 550 1874 τῆς
573 1826 669 1877 πρὸς
698 1831 812 1868 Γάϊον
836 1833 1031 1876 ἐπιστολης
1055 1835 1190 1879 τρίτης.

249 1932 326 1956 eum
351 1929 515 1970 tanquam
549 1927 798 1971 imperatorem
833 1927 1055 1973 sequuntur?
1109 1937 1228 1963 nonne
1261 1929 1370 1974 igitur
1393 1938 1466 1963 non
1494 1928 1704 1964 ferendum?

246 1981 365 2004 nonne
394 1983 499 2016 quum
538 1984 595 2008 res
619 1975 670 2008 ita
694 1986 734 2009 se
760 1975 911 2018 habent,
946 1977 1084 2010 insania
1118 1987 1182 2020 per
1215 1981 1343 2010 terram
1370 1981 1405 2010 et
1429 1976 1562 2019 solem,
1587 1977 1701 2011 insani

247 2018 377 2052 domini
404 2030 529 2054 servos
555 2021 661 2055 fieri?
729 2024 759 2057 si
799 2024 877 2068 quis
910 2029 1025 2057 autem
1054 2024 1241 2058 inscientia
1273 2024 1396 2058 ductus
1422 2028 1579 2057 sanctum
1602 2023 1701 2057 illum

246 2065 312 2098 sibi
339 2067 441 2101 modo
465 2073 628 2102 constare
653 2070 755 2103 modo
781 2081 852 2104 non
879 2075 1041 2105 constare
1066 2072 1213 2112 dixerit,
1242 2071 1335 2114 quod
1354 2081 1459 2115 supra
1483 2070 1593 2104 dixit:
1619 2071 1701 2110 „vi-

245 2112 381 2146 dimus”
423 2119 459 2148 et
502 2126 645 2158 „manus
681 2122 824 2151 nostrae
855 2129 932 2151 eum
969 2118 1187 2163 tetigerunt”
1219 2123 1254 2151 et
1278 2117 1446 2160 „verbum
1479 2118 1575 2152 vitae
1598 2118 1702 2152 nobis

246 2162 432 2203 apparuit''
461 2168 496 2195 et
520 2164 635 2207 „quod
662 2164 811 2198 vidimus
845 2166 879 2198 id
907 2165 1009 2199 vobis
1034 2165 1245 2199 referimus’'
1280 2170 1314 2198 et
1349 2175 1583 2210 quaecunque
1609 2166 1701 2199 visi-

246 2206 354 2240 bilem
388 2208 519 2242 domini
555 2210 873 2246 manifestationem
912 2214 1049 2247 ratione
1087 2213 1231 2257 quadam
1265 2213 1308 2246 ad
1344 2212 1522 2246 hominum
1563 2217 1701 2256 captum

245 2255 357 2299 magis
383 2258 610 2291 accomodata
637 2258 828 2302 explicant,
857 2265 892 2292 et
916 2259 1098 2303 paululum
1130 2260 1211 2294 inde
1238 2259 1440 2304 digrediens
1464 2258 1533 2293 alia
1560 2260 1716 2294 videturv

245 2300 311 2334 ille
335 2303 497 2345 proferre
524 2309 629 2349 atque
656 2306 799 2339 illorum
824 2306 966 2349 similia,
992 2307 1117 2352 quibus
1142 2308 1244 2342 deum
1269 2307 1444 2340 neminem
1472 2307 1606 2341 vidisse
1630 2317 1701 2340 un-

246 2358 348 2391 quam
375 2359 439 2393 pro
468 2357 566 2384 certo
593 2353 798 2395 confirmat3
825 2355 855 2397 is
881 2363 952 2387 non
977 2355 1089 2388 sancti
1111 2354 1210 2388 illius
1235 2354 1496 2399 ambiguitatem
1516 2359 1700 2399 coarguet,

246 2395 307 2427 sed
333 2406 428 2430 suam
465 2399 582 2441 potius
614 2400 812 2434 tarditatem
846 2412 914 2446 qua
947 2402 1067 2436 divina
1106 2411 1177 2435 non
1217 2401 1323 2446 digne
1361 2400 1543 2445 explicare
1576 2401 1700 2445 possit,

244 2451 311 2475 nec
339 2454 429 2487 quae
457 2455 524 2478 nec
551 2448 724 2490 quomodo
752 2448 795 2481 de
820 2448 974 2482 visibilis
1001 2449 1129 2490 domini
1155 2448 1439 2482 manifestatione
1462 2449 1575 2482 sancti
1601 2449 1700 2482 varie

243 2489 515 2534 disputaverint,
542 2503 609 2527 nec
636 2504 726 2538 quae
751 2496 794 2529 de
820 2496 977 2529 increata
1002 2502 1037 2530 et
1065 2497 1166 2530 beata
1195 2495 1293 2529 illius
1318 2501 1461 2537 natura,
1493 2496 1585 2530 sicut
1610 2502 1700 2529 con-

245 2537 363 2570 centui
383 2539 595 2573 musicorum
615 2542 924 2576 instrumentorum
945 2548 1107 2588 tanquam
1126 2543 1255 2576 artifex
1272 2542 1474 2576 harmoniae
1499 2542 1568 2583 vim
1593 2548 1699 2587 atque

244 2588 352 2616 artem
392 2585 512 2620 afflatu
550 2589 699 2631 quodam
733 2599 796 2622 suo
825 2590 984 2633 inspirat.
1035 2591 1126 2635 quod
1151 2590 1268 2634 capiet
1304 2590 1382 2634 quis
1408 2589 1513 2624 credo
1539 2590 1699 2634 quamvis

242 2631 340 2663 tarda
367 2637 402 2665 et
426 2633 609 2668 imbecilla
635 2641 751 2669 mente
779 2647 884 2682 quum
909 2637 1116 2681 Dionysium
1154 2637 1292 2681 planius
1319 2642 1355 2670 et
1380 2637 1459 2671 fuse
1484 2637 1527 2670 de
1555 2637 1610 2671 his
1636 2646 1698 2670 re-

241 2675 305 2710 bus
333 2678 565 2714 disserentem
593 2683 763 2717 audierit:
790 2683 967 2727 „arbitror
995 2684 1064 2717 hoc
1098 2685 1201 2717 etiam
1231 2694 1429 2719 sermonem
1456 2685 1614 2719 divinum
1639 2684 1698 2716 in-

240 2723 395 2769 sinuare,
430 2738 555 2772 nempe
590 2730 860 2774 prophetarum,
889 2743 931 2765 ex
966 2731 1082 2766 abdito
1114 2731 1486 2776 suprasubstantialem
1523 2730 1623 2765 iilum
1660 2731 1696 2765 in
