1826 3120
211 138 306 191 124
410 216 415 219 ἱ
497 152 506 159 ·
614 149 914 194 mci-:Pnom
955 149 1263 195 GREGORAE

206 270 331 308 μενον
358 257 435 299 τοῦ
463 257 578 309 θεοῦ,
608 252 682 299 κᾶν
714 259 878 314 φαῦλον
916 252 1025 300 εἶναι
1056 258 1186 315 δοκῇ,
1230 255 1399 302 πάντων
1426 257 1539 303 &niv
1570 254 1669 316 ὅρι-

206 337 325 365 στον·
383 322 430 364 τό
467 325 512 366 δὲ
544 322 657 377 παρὰ
686 323 852 380 γνώμην
888 323 959 366 καί
982 323 1056 380 4μή
1089 326 1238 366 δοκοῦν
1266 326 1432 384 ἐκείνῳ,
1462 322 1540 370 κᾶν
1569 322 1668 382 ἄρι-

206 406 303 434 στον
333 386 441 433 εἶναι
469 392 716 446 νομίζηται,
751 393 916 433 πάντων
954 390 1047 434 ἐστί
1074 391 1338 447 φαυλότατον
1380 395 1453 435 καί
1480 410 1670 454 παρανο-

205 458 410 512 μώτατον.
479 453 555 499 κᾶν
586 459 772 515 φονεύσῃ
803 474 866 513 τις
907 456 1008 501 κατὰ
1054 457 1221 513 γνώμην
1255 460 1330 502 τοῦ
1365 461 1487 512 θεοῦ,
1514 465 1669 517 φιλαν-

205 527 400 579 θρωπίας
431 525 575 581 ’,πάσης
614 528 789 579 βελτίων
836 524 857 566 ὅ
887 524 1041 582 φόνος·
1109 522 1184 567 κᾶν
1223 527 1424 581 φείσηταί
1451 542 1515 576 τις
1550 525 1701 583 napum

206 590 253 635 τὸ
282 593 433 634 δοκοῦν
478 591 645 650 ἐκείνῳ,
685 591 817 648 φόνου
856 590 1012 643 παντὸς
1053 592 1312 647 ἀνοσιωτέρα
1348 594 1498 646 γένοιτ’
1539 590 1593 636 ἄν
1641 591 1666 650 ἧ

209 656 356 715 φειδώ.
417 657 469 699 ου’
502 659 581 712 γὰρ
630 658 653 713 ἧ
695 659 825 714 φύσις
854 662 936 701 τῶν
964 660 1220 714 πραγμάτων
1261 659 1351 701 ἀλλ’
1382 657 1427 701 αἶ
1457 662 1533 702 τοῦ
1561 661 1668 704 θεοῦ

209 727 350 782 ψῆφοι
379 724 482 768 καλοὶ
517 727 590 767 καί
617 726 763 781 φαῦλα
794 728 912 768 ταῦτ’
941 721 1049 768 εἶναι
1079 727 1286 768 ποιοῦσιν.
1355 722 1496 780 ὥσπερ
1529 727 1568 768 δ’
1597 727 1674 771 ἐκ-,

206 794 343 845 είνοις,
372 793 514 848 φησίν,
548 793 802 846 ἐγκαλοῦμεν
831 789 896 835 ὅτι
927 795 1265 848 παρανομοῦσιν,
1293 788 1402 834 οὕτω
1430 791 1503 834 καί
1530 795 1667 852 πολλῷ

203 861 362 912 μᾶλλον
401 859 502 912 ὑμῖν
548 857 610 900 ὅτι
651 865 737 908 τοῖς
782 862 1077 915 παρανομοῦσι
1117 861 1386 913 συνέρχεσθε.
1459 861 1533 906 καί
1569 859 1725 914 ου’χιῚΟ

206 931 300 974 τοῖς,
318 929 595 980 συντρέχουσι
620 926 773 978 μόνον,
808 925 912 968 ἆλλὰ
946 924 1018 967 καί
1045 931 1130 974 τοῖς
1169 927 1329 978 κυρίοις
1353 928 1432 979 μὲν
1461 922 1556 969 οὖσι
1583 943 1666 969 κω-

206 994 348 1045 λῦσαι,
378 991 437 1046 μὴ
466 995 736 1045 βουλομένοις
766 995 824 1035 δὲ.
902 994 943 1035 εἰ
969 993 1047 1046 γὰρ
1082 993 1140 1042 εἰς
1186 987 1366 1045 θέατρον
1399 993 1476 1034 οῦκ
1505 991 1667 1049 ἐπιτρέ-

207 1073 337 1112 πομεν
382 1060 603 1111 α’πελθεῖν,
643 1064 780 1118 πολλῷ
816 1060 976 1112 μᾶλλον
1015 1059 1086 1101 ἐπὶ
1123 1060 1366 1113 συναγωγῆς
1407 1061 1530 1102 τοῦτο
1573 1059 1662 1121 χρή

206 1130 362 1167 ποιεῖν·
429 1127 585 1178 μείζων
614 1127 694 1180 γὰρ
728 1128 968 1180 παρανομία
1018 1128 1174 1181 ἐκείνης
1211 1121 1350 1181 αὕτη,
1383 1122 1447 1168 ὅτι
1480 1127 1570 1168 ε’κεΐ
1590 1126 1686 1180 μὲν

160 1189 398 1245 δάμαρτιά
420 1191 466 1233 τὸ
499 1193 731 1246 γινόμενον,
759 1194 948 1234 ἐνταῦθα
981 1193 1017 1233 δ’
1045 1192 1258 1244 ἀσέβεια.”
1315 1191 1413 1250 ὁρᾷς
1443 1189 1497 1240 ὥς
1527 1191 1599 1234 κατ’
1620 1183 1664 1235 τό
1682 1197 1725 1232 15

209 1258 398 1313 χρηστὸν
426 1260 557 1300 ἐνίοτε
606 1260 733 1311 δόξαν
767 1256 873 1301 εἶναι
903 1258 1030 1300 κακὸν
1073 1256 1153 1299 ὑπὸ
1190 1261 1266 1300 τοῦ
1294 1260 1414 1302 θείου
1440 1260 1563 1301 τοῦδε
1591 1259 1668 1301 α’ν-

211 1325 312 1379 δρός
341 1325 599 1380 ἀπεδείχθη,
637 1325 711 1368 κατ’
751 1323 852 1381 ὅσην
894 1326 1087 1367 ἐντεῦθεν
1126 1328 1278 1376 ἐκεῖνος
1325 1326 1399 1381 τήν
1427 1325 1668 1380 ε’πιτᾷιησιν

210 1394 263 1449 τῇ
291 1392 373 1434 τῶν
404 1390 655 1445 ἑτεροδόξων
683 1395 874 1452 κοινωνίᾳ
901 1392 1165 1446 π-ροσάπτεις
1207 1389 1235 1435 ἃ
1264 1391 1344 1448 γάρ
1373 1408 1434 1441 τις
1461 1389 1665 1437 δεσπότου
1709 1406 1717 1411 ’

43 1466 148 1503 r.125
164 1478 196 1502 ιι.
212 1458 537 1512 προστάττοντος
578 1461 683 1512 δρᾶν
714 1456 861 1513 ἥκιστα
893 1462 994 1516 δρᾷ,
1043 1458 1202 1502 τούτων
1234 1459 1443 1515 τιμωρίαν
1471 1460 1504 1485 ‘¹
1529 1461 1668 1502 τίννυ-

212 1540 279 1566 σιν
310 1521 480 1573 εἰκότως
509 1524 637 1574 αὐτὸς
667 1524 687 1566 ὅ
716 1524 772 1580 μῆ
808 1528 934 1579 δρῶν,
963 1528 1035 1568 καί
1077 1528 1117 1568 εἰ
1142 1526 1201 1582 μὴ
1234 1525 1359 1568 κακόν
1384 1524 1585 1583 >οἷνιοιντιρη
1617 1522 1663 1567 τό
1678 1531 1724 1568 20

212 1592 368 1645 πέρας·
426 1595 499 1633 καί
527 1594 768 1634 τούναντίον
799 1589 949 1642 αὖθις·
1028 1594 1078 1634 ου’
1106 1591 1185 1648 γὰρ
1218 1599 1304 1643 τοῖς
1330 1595 1413 1635 τῶν
1443 1593 1666 1647 δρωμένων

211 1660 388 1712 πέρασιν
416 1656 526 1708 εἰκός
558 1659 806 1701 α’κολουθεῖν
847 1660 922 1715 τὴν
959 1662 1036 1701 τοῦ
1065 1662 1273 1715 κρίνοντος
1299 1659 1547 1715 αἠόφασιν,
1577 1658 1667 1700 ἄλλ’

213 1853 304 1890 quae
340 1844 377 1877 in
402 1843 515 1877 oculis
541 1849 622 1878 sunt
649 1845 831 1888 respicere
863 1854 928 1879 nos
959 1850 1110 1889 oportet,
1141 1845 1201 1879 sed
1229 1845 1333 1878 etiam
1359 1845 1516 1878 rationes
1541 1845 1663 1889 inqui..

215 1901 296 1925 rere
323 1901 413 1934 quae
447 1890 501 1924 his
528 1891 709 1938 subiectae
735 1893 816 1925 sint.
868 1893 919 1926 sic
947 1893 1032 1926 dicit
1058 1902 1186 1926 aureus
1215 1892 1367 1935 scriptor
1394 1892 1558 1926 Ioannes.
1583 1901 1664 1926 nam

213 1947 446 1983 quaecunque
474 1940 664 1972 secundum
689 1939 746 1972 dei
771 1939 858 1972 fiunt
887 1939 1117 1980 voluntatem,
1145 1939 1232 1972 licet
1256 1938 1359 1972 nobis
1374 1948 1485 1983 prava
1513 1939 1663 1972 videan-

210 1991 267 2019 tur
290 1990 407 2018 tamen
438 1990 517 2018 sunt
542 1986 683 2029 optima.
714 1996 804 2030 quae
832 1995 918 2020 vero
946 1991 1068 2019 contra
1095 1986 1152 2019 dei
1179 1986 1266 2019 fiunt
1294 1986 1511 2019 voluntatem
1527 1986 1663 2019 etiamsi

211 2033 343 2076 optima
374 2031 559 2074 habentur,
587 2033 738 2066 omnium
765 2034 916 2076 pessima
940 2039 1020 2067 sunt
1047 2038 1082 2066 et
1110 2033 1330 2076 pravissima.
1378 2033 1499 2076 itaque
1527 2033 1558 2066 si
1583 2033 1662 2077 quis

211 2081 277 2114 deo
304 2078 449 2112 iubente
479 2081 676 2123 quempiam
705 2081 869 2122 trucidet,
899 2081 933 2113 id
958 2080 1084 2113 melius
1112 2085 1166 2113 est
1181 2080 1314 2124 quamsi
1327 2089 1403 2112 eum
1433 2088 1551 2112 amore
1575 2089 1662 2123 pro-

211 2130 398 2171 sequatur-3
428 2131 463 2159 et
487 2127 516 2159 si
544 2128 620 2171 quis
656 2132 776 2171 parcat
802 2128 952 2171 cuipiam
982 2127 1047 2160 deo
1076 2132 1217 2160 vetante
1238 2150 1248 2167 ,
1291 2126 1325 2159 id
1351 2127 1452 2169 peius
1480 2131 1533 2159 est
1560 2136 1661 2171 quam

211 2174 241 2208 si
269 2173 413 2206 caedem
446 2180 639 2216 perpetret.
696 2185 813 2218 neque
851 2175 943 2207 enim
972 2175 1111 2217 species
1137 2174 1298 2207 bonaene
1328 2174 1398 2206 sint
1426 2183 1482 2206 res
1507 2183 1551 2206 an
1577 2183 1662 2216 pra..

210 2230 290 2262 vae,
320 2220 382 2253 sed
407 2230 497 2264 quae
526 2221 561 2254 in
589 2222 632 2255 iis
657 2221 713 2254 dei
739 2221 904 2254 voluntas
931 2226 1110 2265 appareat,
1139 2221 1280 2254 indicat.
1310 2225 1348 2253 ut
1376 2229 1463 2254 vero
1481 2230 1546 2254 nos
1575 2221 1663 2254 istos

211 2267 304 2313 quod
342 2268 534 2300 doctrinam
577 2268 723 2302 laedunt
745 2268 794 2301 ita
819 2268 878 2302 vel
913 2269 1023 2302 multo
1060 2268 1172 2312 magis
1207 2268 1428 2311 increpamus
1456 2277 1544 2309 vos,
1571 2267 1664 2312 quod

211 2325 289 2348 cum
322 2314 522 2348 infidelibus
557 2316 762 2349 societatem
792 2315 920 2349 facitis.
982 2326 1099 2360 neque
1129 2320 1243 2347 tamen
1272 2324 1332 2348 eos
1356 2319 1489 2347 tantum
1516 2315 1575 2359 qui
1600 2324 1664 2348 so-

211 2363 375 2395 cietatem
415 2361 550 2395 faciunt
587 2363 808 2406 increpamus
846 2364 906 2396 sed
934 2363 1037 2396 etiam
1063 2371 1150 2407 quos
1176 2362 1367 2405 prohibere
1392 2371 1499 2405 posse
1524 2361 1664 2406 quidem

210 2410 352 2451 scimus,
381 2419 449 2442 nec
476 2419 563 2443 vero
589 2409 706 2451 velle3
733 2416 767 2444 et
791 2411 820 2442 si
846 2410 1073 2454 frequentare
1098 2408 1271 2442 theatrum
1297 2414 1469 2450 vetamus,
1495 2408 1530 2441 id
1552 2407 1662 2441 multo

210 2458 322 2500 magis
354 2466 420 2489 nos
456 2461 595 2500 oportet
632 2462 805 2498 vetemus,
836 2458 929 2501 quod
953 2457 995 2490 ad
1022 2466 1237 2500 synagogam
1265 2456 1404 2489 attinet.
1453 2465 1532 2488 nam
1557 2454 1662 2488 huius

210 2504 372 2547 impietas
411 2505 521 2537 maior
555 2505 782 2548 conspicitur.
840 2514 967 2547 nempe
1001 2503 1077 2536 illic
1103 2513 1192 2548 quae
1217 2508 1367 2546 aguntur
1391 2501 1550 2546 improba
1570 2507 1663 2544 sunt,

211 2551 269 2583 hic
297 2557 412 2583 autem
442 2561 528 2585 vere
560 2552 702 2595 impia.“
756 2552 856 2585 vides
886 2552 993 2596 igitur
1019 2549 1306 2595 quemadmodum
1331 2559 1420 2593 quae
1453 2550 1544 2582 iusta
1567 2558 1663 2582 non-

209 2604 386 2641 nunquam
420 2599 606 2632 videantur
634 2599 688 2632 vir
713 2598 776 2632 ille
814 2597 1055 2632 sanctissimus
1082 2607 1189 2641 prava
1226 2607 1306 2630 esse
1326 2597 1439 2637 dicat,
1479 2601 1513 2629 et
1544 2606 1659 2640 quan-

212 2650 337 2688 topere
374 2644 432 2678 hic
459 2655 520 2678 eos
550 2646 713 2690 increpet
738 2646 799 2691 qui
835 2656 910 2678 cum
946 2645 1146 2678 infidelibus
1180 2644 1321 2677 faciant.
1379 2644 1499 2688 itaque
1530 2643 1559 2676 si
1585 2643 1663 2687 quis

213 2691 344 2724 domini
388 2692 608 2726 voluntatem
638 2703 710 2726 non
752 2693 913 2737 exegerit
946 2692 1035 2725 hanc
1062 2692 1106 2726 ob
1135 2701 1271 2725 causam
1306 2700 1440 2734 poenas
1467 2689 1562 2723 dabit
1587 2690 1665 2723 sive

213 2737 303 2773 nihil
347 2738 448 2774 illinc
483 2739 565 2773 mali
602 2740 727 2773 exierit
763 2741 840 2774 sive
876 2740 1086 2773 contrarium
1115 2738 1294 2773 acciderit.
1351 2747 1429 2771 nam
1454 2746 1524 2771 non
1551 2735 1666 2783 qualis
