1800 3132
244 158 309 207 28
607 166 609 173 ’
650 162 688 205 N
693 161 947 206 ICEPHORI
990 162 1293 206 GREGORAE

245 269 408 322 α’ποβὰς
452 270 527 324 τῆς
557 267 659 318 νεώς
689 266 979 322 ἐντετυχήκειν
1011 263 1274 323 αὐθημερόν·
1338 269 1392 310 ου’
1416 268 1496 324 γὰρ
1529 270 1704 325 πλησίον

246 336 336 377 ἐκεῖ
361 349 441 376 που
471 333 548 390 τήν
577 333 738 389 οἴκησιν
769 331 904 388 εἶχεν,
937 334 1041 376 α’λλὰ
1075 336 1193 376 δυοῖν
1223 332 1403 390 ἧμέραιν
1429 336 1509 377 τοῦ
1538 337 1704 388 λιμένος
1734 367 1738 391 g

246 402 490 455 ἀπέχουσαν
518 402 578 450 εἷς
617 397 661 443 ὃν
686 399 809 455 ἡμεῖς
856 402 1078 455 τηνικαῦτα
1121 401 1503 453 ἐσεπεπλεύκειμεν.
1554 401 1704 444 ‘Padus
1738 398 1740 401 ’

243 470 322 520 μὲν
350 467 427 522 γὰρ
459 470 616 523 ἐκείνης
649 470 722 521 τῆς
754 469 881 521 νήσου
907 469 1062 524 μείζων
1092 466 1203 510 ε’στίν
1234 467 1259 522 ἦ
1294 465 1488 522 Κύπρος,
1519 467 1592 510 καὶ
1614 462 1703 520 ἅμα

247 533 299 575 ον’
320 536 406 575 κατ’
435 535 593 589 ἐκείνην
636 534 725 575 ἀλλ’
768 532 971 589 ἐπιμήκης
999 532 1043 576 τὸ
1073 537 1218 589 σχῆμα
1236 551 1246 561 ·
1317 533 1483 590 μεταξύ,
1507 535 1546 576 δ’
1572 533 1738 588 αὕτῆς5

247 595 345 655 ὅρος
370 598 548 655 ἑστήκει,
576 600 650 655 τήν
676 598 866 656 κορυφήν
898 602 940 649 ἐς
961 596 1072 655 ὕψος
1093 601 1245 655 α’νὰγον
1261 600 1441 655 μακρόν.
1486 595 1700 653 Ὄλυμπος

248 671 431 708 καλεῖται
471 665 514 709 τό
548 662 668 722 ὅρος,
718 668 761 718 ἐξ
799 661 848 709 οὗ
891 669 964 709 καί
1009 667 1140 724 πηγαί
1176 668 1373 719 ποταμῶν
1416 664 1705 720 α’ποβλῦζουσι
1747 712 1750 716 ,

248 738 370 787 τρεῖς,
397 727 456 774 ὧν
488 732 509 774 ὅ
549 735 706 786 μείζων
733 732 984 787 καλούμενος
1015 735 1215 782 Acina-9015
1244 734 1404 776 κάτεισι
1448 736 1609 787 τέμνων
1639 734 1709 775 καί
1751 759 1753 764 ι

249 801 481 854 περιρρέων
509 799 586 854 τήν
617 803 870 843 Λευκωσιάν
915 801 1071 844 οὑτωσί
1118 804 1378 855 καλουμένην
1416 799 1592 855 χώραν,
1637 798 1715 841 καὶ,

249 863 479 908 ἀποπτύων
514 864 557 908 τό
608 865 779 922 ῥεῖθρον
823 867 938 922 παρὰ
971 866 1047 922 τήν
1089 868 1130 917 ἐς
1166 862 1319 921 ἄρκτον
1352 869 1590 919 βλέπουσαν
1617 864 1739 910 θεέ-1

249 934 426 973 λασσαν.
489 928 647 974 ’τούτου
687 932 802 987 παρὰ
843 930 920 981 τὰς
958 930 1093 987 ὄχθας
1136 932 1283 986 ἔτυχεν
1315 930 1606 986 ὲβζωνὲκεῖνος
1634 931 1708 986 τήν

249 997 424 1052 οἴκησιν,
454 997 519 1039 διὸ
548 1000 621 1040 καί
639 1001 845 1055 Λαπίθης
876 997 920 1040 ἔκ
943 1015 988 1053 γε
1013 999 1090 1041 τοῦ
1120 999 1309 1052 ποταμοῦ
1339 1001 1412 1040 καί
1439 997 1567 1049 αὐτὸς
1594 994 1708 1047 ὅπως

249 1065 348 1105 ποτὲ
377 1063 723 1119 παρωνόμασται.
793 1069 910 1121 γνοίη
954 1068 990 1107 δ’
1025 1060 1077 1107 ἄν
1103 1082 1164 1114 τις
1204 1063 1339 1113 εὐθύς
1367 1064 1445 1106 κοῖκ
1474 1063 1607 1120 μόνης
1634 1065 1709 1119 τῆς

250 1132 528 1186 περιφανείας
572 1146 618 1172 τε
648 1131 720 1173 καί
753 1132 827 1173 τοῦ
871 1133 1075 1186 μεγέθους
1101 1134 1183 1173 τῶν
1226 1132 1366 1172 οἰκιῶν
1393 1132 1466 1172 καί
1492 1127 1709 1173 ἐπαύλεων

75 1202 100 1239 1.
123 1203 189 1240 101
203 1204 239 1239 b.
251 1198 328 1237 τοῦ
358 1195 525 1251 α’νδρός,
554 1196 628 1238 καί
652 1197 750 1251 πρὶν
768 1198 827 1247 εἰς
860 1192 961 1251 ὄψιν
991 1198 1098 1240 ἰέναι
1117 1198 1264 1250 αὐτοῦ,
1293 1199 1323 1223 ”
1347 1195 1405 1252 μή
1435 1199 1520 1239 τῶν
1549 1197 1707 1252 α’γενῶν
1722 1199 1767 1241 15

251 1258 359 1304 εἶναι
387 1266 459 1305 καί
487 1265 569 1305 τῶν
600 1265 763 1305 πολλῶν
788 1265 875 1320 ἕνα,
905 1260 968 1306 ὅτι
997 1263 1055 1320 μή
1083 1266 1163 1306 τῶν
1194 1262 1302 1305 πάνυ
1330 1280 1368 1306 τι
1400 1263 1495 1305 λιάν
1527 1262 1705 1314 ἐνδόξων

251 1331 324 1371 καί
353 1329 527 1382 πρώτων
557 1332 631 1385 τῆς
658 1330 786 1385 νήσου
807 1347 817 1357 ·
886 1333 999 1387 γνοίη
1030 1332 1071 1372 δ’
1099 1326 1151 1372 ἄν
1187 1333 1346 1384 μᾶλλον
1375 1331 1420 1373 ἐκ
1447 1333 1525 1372 τοῦ
1551 1330 1708 1385 τρόπου

253 1399 326 1437 καί
352 1398 425 1451 τῆς
458 1391 584 1453 ἄλλης
618 1399 693 1439 τοῦ
730 1399 827 1451 βίου
857 1397 1112 1452 σεμνότητος.
1184 1393 1331 1452 ἑορταὶ
1368 1397 1448 1453 γὰρ
1477 1397 1551 1438 καί
1578 1413 1710 1451 πανη-

252 1461 394 1516 γύρεις
435 1460 551 1518 ἱεραί
573 1463 648 1517 τήν
688 1466 822 1506 οἰκιάν
852 1462 1009 1519 ἐκείνην
1037 1465 1263 1517 ἐκόσμουν,
1304 1464 1376 1506 καὶ
1401 1463 1598 1519 χορηγίαι
1628 1464 1710 1505 τῶν

255 1530 463 1581 δεομένων
510 1531 716 1583 δαψιλεῖς.
790 1532 873 1572 τῶν
902 1545 948 1584 γε
991 1530 1074 1585 μήν
1112 1529 1247 1584 συχνοὶ
1286 1533 1600 1586 περιαγομένων
1628 1526 1784 1570 &namot

254 1598 522 1650 Χριστιανῶν
565 1597 845 1651 αἰχμαλώτων
882 1599 1081 1652 μεγίστην
1111 1598 1287 1639 ἐποιεῖτο
1314 1595 1603 1652 προμήθειαν,
1630 1595 1712 1637 αὕ-

254 1661 324 1711 τός
353 1678 395 1704 τε
436 1666 632 1718 παρέχων
670 1665 873 1720 α’φθόνως
907 1663 956 1706 τὰ
994 1665 1126 1718 μείζω
1155 1667 1228 1706 καί
1261 1662 1490 1719 τελεώτερα
1518 1664 1592 1719 τῆς
1611 1661 1712 1705 τού-

253 1745 333 1770 των
365 1730 636 1784 ἐλευθερίας,
662 1731 734 1774 καί
766 1730 854 1784 ἅμα
896 1731 996 1782 τούς
1026 1728 1179 1781 ἄλλους
1219 1730 1404 1786 ὄτρύνων
1435 1732 1711 1780 διδασκαλίας
1736 1781 1739 1785 ¹

258 1920 398 1965 quidem
425 1931 444 1953 e
470 1922 554 1954 navi
585 1931 750 1965 egressus
773 1931 844 1956 non
872 1923 987 1957 statim
1014 1923 1137 1956 eodem
1161 1923 1218 1956 die
1245 1922 1440 1956 convenire
1465 1922 1578 1966 potui.
1637 1932 1708 1955 non

260 1968 352 2001 enim
378 1968 414 1999 in
440 1968 639 2012 propinquo
666 1968 816 2003 habebat
840 1970 972 2012 sedem,
998 1970 1059 2003 sed
1097 1970 1243 2003 duorum
1268 1969 1402 2003 dierum
1435 1969 1505 2002 iter
1537 1969 1710 2002 intererat

259 2016 351 2048 inter
377 2025 451 2047 eam
467 2020 573 2059 atque
598 2021 749 2058 portum,
776 2018 812 2050 in
839 2027 942 2061 quem
968 2022 1038 2050 tum
1066 2017 1289 2050 incurrimus.
1315 2015 1452 2059 Cyprus
1481 2016 1571 2049 enim
1595 2016 1708 2049 maior

264 2067 317 2095 est
341 2061 457 2094 insula
485 2061 608 2095 Rhodo
634 2073 752 2107 neque
779 2065 911 2104 eadem,
938 2073 1006 2106 qua
1031 2063 1095 2096 illa
1124 2064 1244 2105 forma,
1273 2063 1336 2096 sed
1363 2062 1530 2106 oblonga.
1581 2063 1617 2096 in
1629 2072 1709 2096 me-

260 2109 317 2142 dia
341 2113 457 2141 autem
485 2108 600 2142 insula
623 2119 722 2143 mons
748 2116 813 2152 cst,
844 2111 903 2154 qui
930 2110 1069 2143 culmen
1095 2111 1137 2143 ad
1163 2118 1321 2154 magnam
1349 2109 1569 2143 altitudinem
1596 2109 1708 2143 effert.

261 2155 432 2199 Olympus
459 2156 659 2199 appellatur
686 2167 730 2190 ex
756 2167 871 2202 eoque
897 2159 1000 2191 trium
1029 2158 1214 2191 fluviorum
1240 2158 1356 2191 fontes
1382 2156 1583 2200 profluunt,
1620 2165 1712 2202 quo-

260 2213 335 2236 rum
362 2202 544 2244 maximus,
571 2204 628 2236 cui
654 2204 802 2247 Lapitho
827 2215 955 2238 nomen
986 2210 1051 2246 est,
1077 2204 1282 2238 Leucosiam
1306 2204 1514 2247 regionem,
1540 2214 1631 2248 quae
1655 2203 1713 2237 tli-

263 2250 379 2291 citur,
406 2251 563 2283 secernit
586 2256 691 2295 atque
718 2252 927 2285 circumfluit
952 2251 1148 2297 fluctusque
1173 2253 1209 2284 in
1234 2262 1350 2293 mare,
1377 2251 1470 2296 quod
1494 2251 1531 2284 in
1556 2255 1714 2295 septem-

261 2297 395 2330 triones
421 2302 570 2340 spectat,
598 2299 735 2331 emittit.
786 2300 829 2332 ad
857 2299 960 2332 huius
988 2298 1138 2332 fluminis
1170 2299 1265 2342 ripas
1297 2298 1362 2331 ille
1395 2297 1612 2331 domicilium
1648 2297 1715 2330 ha-

261 2344 349 2384 buit,
380 2349 595 2388 quapropter
620 2346 724 2378 etiam
750 2347 826 2390 ipse
840 2345 1005 2390 Lapithes
1032 2356 1076 2379 ex
1100 2345 1242 2378 flumine
1267 2345 1533 2391 cognominatus
1562 2344 1715 2379 videtur.

264 2391 379 2425 statim
406 2400 493 2424 vero
520 2392 598 2436 quis
624 2403 668 2426 ex
693 2393 769 2427 sola
798 2395 918 2436 specie
946 2398 1052 2437 atque
1076 2393 1317 2436 magnitudine
1343 2392 1582 2426 aedificiorum
1610 2397 1717 2435 atque

264 2438 481 2471 stabulorum
509 2440 612 2472 etiam
641 2446 826 2484 antequam
852 2442 889 2473 in
914 2440 1065 2473 hominis
1090 2440 1201 2483 ipsius
1212 2440 1413 2482 adspectum
1428 2440 1583 2480 venerit,
1610 2437 1717 2471 facile

263 2490 469 2529 cognoscet.
499 2496 576 2518 eum
602 2497 822 2531 nequaquam
847 2498 950 2520 unum
979 2498 1057 2521 esse
1084 2497 1128 2520 ex
1151 2486 1367 2530 ignobilibus
1405 2491 1510 2530 atque
1537 2484 1716 2529 plebem,

261 2532 324 2565 sed
354 2541 397 2564 ex
424 2531 630 2566 clarissimis
665 2539 769 2578 atque
795 2535 1005 2578 primoribus
1042 2533 1192 2567 insulae.
1241 2533 1332 2566 idem
1365 2533 1476 2576 magis
1512 2533 1615 2565 etiam
1652 2540 1718 2564 co-

262 2584 412 2623 gnoscet
451 2589 494 2612 ex
522 2580 618 2613 vitae
652 2581 727 2614 eius
757 2581 928 2625 dignitate
953 2587 1058 2625 atque
1083 2581 1270 2625 gravitate.
1332 2580 1420 2614 festa
1450 2580 1542 2612 enim
1569 2584 1605 2612 et
1628 2579 1719 2613 sacri

262 2630 462 2658 conventus
496 2632 602 2670 atque
633 2637 765 2660 summa
805 2629 842 2661 in
879 2629 1004 2672 inopes
1048 2626 1242 2661 liberalitas
1283 2626 1379 2660 illam
1412 2627 1549 2660 domum
1583 2629 1718 2659 ornant.

260 2671 537 2707 Christianorum
561 2680 675 2707 autem
737 2676 976 2718 captivorum,
1010 2676 1069 2719 qui
1108 2673 1232 2707 crebro
1265 2674 1314 2707 ibi
1349 2672 1721 2713 circumducebantur,

261 2719 442 2755 maximam
492 2719 642 2755 habebat
668 2732 798 2764 curam,
826 2732 928 2767 quum
956 2727 991 2755 et
1015 2723 1091 2766 ipse
1117 2722 1263 2765 largiter
1286 2721 1453 2754 maiorem
1479 2718 1723 2765 atquemeliO..
