1852 3138
286 147 382 195 376
690 150 987 221 Nlcsspuonl
1030 151 1334 195 GREGORAE

285 273 355 300 ται
385 261 623 313 συμμαχῶν·
659 258 756 311 det,
794 256 939 300 ἔπειτα
966 257 1038 299 καί
1066 259 1313 317 μεγαλονοίᾳ
1350 261 1400 316 τῇ
1428 261 1479 316 σῇ
1509 259 1682 316 aaron&
1699 274 1743 302 τε

288 323 580 384 α’ναλεξαμὲνῳ
610 325 659 367 τά
690 326 1000 379 χρειωδέστερα
1023 327 1105 365 ταῖν
1126 326 1266 383 ἐκείνῳ
1288 327 1528 379 λεχθέντων
1543 325 1617 368 καί
1639 325 1745 381 τροί-

284 393 415 443 πεζαν
442 391 542 448 ἡμῖν
565 392 736 447 ἡδίστην
780 392 887 433 αότὰ
919 393 1152 445 παραθέντι
1180 391 1496 447 μεγαλοψύχως
1538 391 1610 436 καί
1642 394 1742 448 δίχα

235 461 488 515 Βφορτικοῦ
520 456 630 507 τινός
671 454 803 512 ἤθους
843 457 1010 508 παντός.
1081 458 1133 501 σύ
1166 460 1202 501 δ’
1233 461 1274 501 εἰ
1296 457 1468 513 βούλει’,
1497 462 1569 502 καί
1600 461 1744 503 δευτέ-

284 541 364 579 ραν
411 527 506 578 ἐμοὶ
562 524 719 579 ταύτην
764 523 912 580 ἔφεσιν
942 525 1045 580 πρὸς
1088 529 1197 567 θεοῦ
1235 530 1365 569 τελεῖν
1421 527 1774 583 προθυμήθητι.5

284 589 441 646 α’κὴκοα
471 590 550 645 γὰρ
580 591 652 631 καί
678 591 861 646 Ἰωάσαφ
891 591 964 634 τὸν
992 590 1405 648 προβεβασιλευκότα
1439 595 1743 650 Καντακουζη-

283 655 367 711 νόν,
396 657 624 698 α’νιαθὲντα
656 661 751 700 λιάν
797 660 867 699 ε’πί
902 661 960 717 τῷ
990 660 1184 717 Γρηγορᾷ
1207 664 1394 714 γραφαῖς
1437 658 1510 714 κατ’
1535 659 1742 715 ἱστορίαις

282 729 466 778 μακραῖς
495 723 694 766 δεδωκότι
726 722 775 766 τοὶ
818 727 890 779 τῆς
924 727 1146 777 διαλέξεως
1173 727 1352 780 ταυτησί
1389 725 1462 769 καί
1491 726 1636 776 ιῖκοαῖς
1665 729 1743 782 δη-
1803 721 1805 724 ’

282 789 453 842 μοσίαις
491 790 554 831 ἐπ’
602 789 783 848 αἰσχύνῃ
827 798 913 841 τοῖς
955 792 1072 848 ἀμφὶ
1112 795 1330 845 Παλαμᾶν
1362 792 1580 844 δεδωκότι,
1622 797 1742 839 ταῦτ’

284 848 370 909 ἄρα
400 858 508 911 μέρη
539 856 632 898 τινὰ
663 860 744 898 τῶν
773 861 1023 915 γραφέντων
1055 858 1351 912 α’ναλαβόντα,
1385 861 1533 914 λογίων
1561 860 1741 915 ἀμαθῶν
1756 878 1800 914 10

282 919 387 964 οἴκοι
417 924 699 978 συγκροτῆσαι
738 927 940 980 συνέδρια
986 929 1169 980 συνεχῆ,
1207 928 1279 967 καί
1310 923 1538 981 θεολόγους
1566 924 1742 980 α’λόγους
1773 938 1776 943 ’

281 991 592 1044 χειροτονῆσαι,
621 991 816 1033 παιδείαν
838 994 1036 1049 ἐξαίφνης
1068 993 1418 1049 α’παιδαγώγητον
1435 991 1740 1050 ἐμφυσῆσαντα

282 1057 419 1112 σφίσι,
448 1055 520 1098 καί
548 1059 819 1101 διαλεκτικῶν
847 1061 1048 1102 οἶνοίδοσιν
1078 1060 1327 1115 αὐθημερὸν
1358 1057 1514 1102 οὑτωσί
1548 1077 1741 1116 μηχανη-

283 1122 463 1175 σάμενον
505 1123 802 1180 αὐτοσχέδιον,
838 1128 911 1168 καί
935 1124 1066 1175 οὕτως
1094 1125 1264 1169 εἰπόντα
1307 1125 1358 1181 δη
1390 1126 1463 1168 καί
1497 1125 1739 1169 α’κούσαντα

284 1189 496 1245 λοιδορίας
527 1191 795 1243 παμπόλλους
837 1192 940 1235 κατὰ
986 1196 1070 1235 τῶν
1098 1195 1177 1235 τοῦ
1208 1195 1408 1249 Γρηγορᾶ
1437 1192 1643 1250 ῥημάτων
1672 1196 1798 1252 καί15

283 1256 416 1311 λόγων
446 1257 626 1313 ἐκείνων,
655 1257 875 1301 ταῦτόν.δ’
909 1262 1041 1303 εἰπεῖν
1062 1257 1165 1301 κατοὶ
1196 1260 1268 1314 τῆς
1297 1260 1515 1313 εὐσεβείας
1546 1255 1742 1315 ἄντικρυς

287 1323 431 1379 αὐτῆς,
465 1323 607 1367 ἔπειτα
640 1325 802 1368 πλείοσι
841 1328 1022 1380 βιβλίοις
1061 1324 1167 1369 αὐτοὶ
1195 1325 1549 1381 μετεγγράψαντα
1579 1328 1742 1370 διανεῖ-

285 1408 366 1444 μαι
405 1397 491 1441 τοῖς
521 1390 815 1448 αἱρεσιιόταις,
847 1396 918 1435 καί
954 1392 1200 1449 μυρμηκιὰν
1236 1395 1460 1448 λοιδοριῶν
1488 1392 1533 1436 ἐν
1558 1400 1744 1450 γραφαῖς

238 1457 470 1512 Βιίσελγῶν
499 1457 573 1513 τήν
604 1459 804 1515 ταχίστην
834 1462 1160 1514 προστεταχέναι
1197 1451 1410 1513 γενέσθαι.
1455 1459 1545 1510 ἑνὸς
1572 1462 1611 1503 δ’
1633 1456 1770 1503 ἐκεῖ--ἱ

286 1527 362 1565 θεν
390 1525 463 1566 καί
503 1525 673 1578 ἡμίσεος
705 1527 896 1568 ἐνιαυτοῦ
928 1529 1162 1580 τριβέντος,
1211 1524 1329 1568 κενὸν
1360 1526 1432 1568 καί
1461 1526 1665 1581 α’νήνυτον
1694 1529 1740 1570 τὸ
1753 1543 1800 1583 20

285 1592 369 1632 τῶν
400 1590 580 1633 ἐλπίδων
608 1593 732 1648 σφίσι
761 1594 886 1647 θέρος
920 1593 1165 1648 ἐβλάστησε.
1234 1595 1306 1634 καί
1332 1591 1384 1634 τὰ
1415 1594 1487 1647 τῆς
1515 1594 1743 1648 ’παροιμίας

286 1656 473 1711 α’τεχνῶς
503 1654 689 1713 ἑωρᾶτο·
746 1655 868 1702 ὤδινε
897 1658 993 1714 γάρ,
1025 1661 1165 1714 φησίν,
1190 1654 1287 1713 ὅρος
1316 1660 1390 1701 καί
1414 1657 1528 1701 ἔτεκε
1556 1661 1744 1713 pinquat*

110 1731 137 1768 f.
153 1731 220 1767 156
235 1740 270 1767 v.
286 1719 494 1781 ἄνθρακες
520 1720 629 1781 ἦσαν
656 1726 798 1776 αι’τοῖς
827 1724 866 1769 οἱ
895 1723 1238 1781 προσδοκώμενοι
1267 1724 1494 1782 θησαυροί.
1523 1724 1612 1768 καί
1643 1721 1742 1769 ὅσαι

286 1944 446 1990 pientiae
473 1945 606 1989 quippe
635 1944 694 1989 qui
725 1944 872 1989 egregie
906 1943 1221 1978 communicaveris
1253 1953 1392 1977 mecum
1427 1953 1660 1989 quaecunque
1686 1945 1742 1979 di..

287 1998 422 2026 ctorum
457 1991 555 2025 illius
598 1991 899 2035 praestantissima
934 1996 1015 2025 sunt
1049 1990 1177 2036 hisque
1210 2001 1365 2024 mensam
1403 1990 1489 2024 mihi
1534 1993 1742 2035 apposueris

286 2039 529 2075 suavissimam
557 2049 634 2072 eum
664 2039 769 2071 animi
795 2038 1035 2083 magnitudine
1062 2043 1097 2071 et
1121 2048 1253 2072 summo
1282 2038 1415 2071 officio.
1464 2043 1502 2071 tu
1520 2047 1607 2072 vero
1630 2039 1659 2072 si
1684 2039 1740 2072 vis

286 2087 355 2121 hoc
390 2096 531 2131 quoque
572 2085 720 2119 alterum
757 2085 843 2118 mihi
882 2095 1048 2129 exponas.
1111 2086 1230 2119 audivi
1269 2086 1360 2118 enim
1394 2095 1515 2128 regem
1550 2085 1739 2129 Iosephum

288 2134 574 2170 Cantacuzenum
609 2133 842 2166 vehementer
875 2133 1001 2166 iratum
1029 2132 1209 2177 Gregorae
1246 2133 1305 2177 qui
1340 2132 1471 2175 scripta
1505 2137 1541 2165 et
1571 2131 1737 2166 historias

287 2182 413 2225 longas
439 2181 482 2214 de
501 2181 739 2223 disputatione
767 2179 830 2213 illa
848 2181 1052 2213 confecerat
1079 2185 1113 2212 et
1137 2179 1271 2223 publici
1298 2179 1432 2212 fecerat
1457 2180 1542 2212 iuris
1566 2179 1603 2212 in
1631 2179 1738 2224 igno-

286 2229 429 2263 miniam
463 2227 676 2262 asseclarum
705 2227 891 2268 Palamae‚
928 2238 947 2260 e
983 2226 1084 2261 libris
1126 2227 1294 2271 quaedam
1329 2225 1483 2270 elegisse
1508 2231 1543 2259 et
1561 2226 1653 2260 domi
1679 2227 1737 2259 in-

288 2280 482 2319 terpretum
509 2275 730 2308 indoctorum
757 2274 984 2308 conclamatis
1011 2274 1185 2317 synedriis
1211 2273 1326 2317 plenis
1365 2279 1400 2306 et
1425 2273 1607 2307 advocatis
1632 2273 1738 2306 theo-

287 2323 382 2367 logis
406 2322 626 2363 amentibus,
654 2322 776 2355 horum
815 2331 883 2365 ope
917 2327 1065 2366 repente
1099 2321 1274 2354 doctrinas
1311 2321 1469 2354 indoctas
1504 2319 1677 2353 conflasse
1704 2325 1739 2354 et
1777 2357 1781 2362 ,

290 2370 414 2403 eodem
441 2370 497 2402 die
521 2370 573 2402 sic
598 2379 798 2403 sermonum
826 2369 1084 2413 expositionem
1102 2378 1157 2413 xex
1177 2373 1336 2410 tempore
1366 2367 1583 2401 instituisse:
1611 2367 1737 2401 deinde

288 2427 364 2451 eum
407 2421 591 2460 postquam
631 2417 778 2450 dixisset
820 2422 854 2449 et
899 2416 1093 2450 audivisset
1128 2415 1290 2448 convicia
1327 2413 1435 2447 multa
1472 2415 1508 2446 in
1547 2414 1737 2458 Gregoram

287 2474 428 2508 unaque
458 2464 509 2497 sic
535 2464 570 2496 in
595 2464 705 2507 ipsam
733 2465 808 2497 eius
833 2464 1022 2507 pietatem,
1053 2463 1141 2496 haec
1168 2460 1327 2505 pluribus
1354 2460 1453 2494 libris
1480 2461 1735 2504 conscripsisse

288 2517 323 2545 et
348 2511 484 2544 traditis
511 2510 565 2543 his
590 2511 627 2543 in
656 2521 776 2543 manus
804 2510 1063 2544 haereticorum
1087 2510 1234 2542 iussisse
1258 2519 1359 2553 quam
1387 2508 1574 2541 celerrime
1599 2507 1736 2541 turbam
1790 2540 1795 2546 ,

287 2558 529 2592 conviciorum
557 2557 835 2601 turpissimorum
870 2559 905 2590 in
933 2558 1073 2600 scriptis
1107 2556 1213 2590 effici.
1265 2555 1327 2589 sed
1352 2565 1443 2588 anno
1470 2564 1541 2588 uno
1566 2565 1607 2588 ac
1631 2555 1734 2588 dimi-

286 2605 343 2639 dio
369 2604 612 2648 praeterlapso
642 2605 757 2638 inanis
793 2611 827 2639 et
859 2605 1047 2638 infecunda
1073 2604 1372 2647 exspectationum
1406 2607 1523 2635 aestus
1557 2602 1602 2635 iis
1630 2601 1735 2635 efflo-

290 2653 372 2693 ruit,
403 2657 437 2684 et
462 2652 554 2695 quod
582 2656 635 2685 est
659 2652 694 2684 in
721 2652 912 2695 proverbio
929 2651 1017 2685 iilud
1031 2651 1258 2694 conspicuum
1277 2654 1375 2683 erat:
1401 2648 1618 2692 parturiebat
1642 2649 1734 2682 enim

289 2704 327 2732 ut
353 2700 451 2732 aiunt
476 2708 575 2732 mons
598 2704 633 2731 et
661 2701 785 2743 genuit
811 2709 967 2741 murem3
994 2703 1029 2731 et
1052 2700 1087 2731 in
1114 2697 1284 2731 carbones
1312 2695 1470 2729 abierant
1487 2695 1642 2729 thesauri
1669 2706 1735 2728 ex-

287 2745 459 2792 spectati;
498 2751 532 2779 et
557 2756 648 2790 quae
675 2746 717 2780 de
754 2746 953 2781 huiusmodi
981 2756 1063 2780 casu
1091 2745 1292 2779 serebantur
1316 2742 1506 2788 proverbia
1531 2741 1637 2776 facile
1665 2742 1733 2775 iam
