<?xml version="1.0" encoding="UTF-8"?>
<!DOCTYPE html PUBLIC "-//W3C//DTD XHTML 1.0 Transitional//EN"
    "http://www.w3.org/TR/xhtml1/DTD/xhtml1-transitional.dtd">
<html xmlns="http://www.w3.org/1999/xhtml" xml:lang="en" lang="en">
 <head>
  <title>
</title>
<meta http-equiv="Content-Type" content="text/html;charset=utf-8" />
  <meta name='ocr-system' content='tesseract 3.04.00' />
  <meta name='ocr-capabilities' content='ocr_page ocr_carea ocr_par ocr_line ocrx_word'/>
</head>
<body>
  <div class='ocr_page' id='page_1' title='image "./corpusscriptorum40niebuoft_0304.png"; bbox 0 0 1826 3120; ppageno 0'>
   <div class='ocr_carea' id='block_1_1' title="bbox 331 167 1374 240">
    <p class='ocr_par' dir='ltr' id='par_1_1' title="bbox 331 167 1374 240">
     <span class='ocr_line' id='line_1_1' title="bbox 331 167 1374 240; baseline 0.001 -1"><span class='ocrx_word' id='word_1_1' title='bbox 331 191 430 240; x_wconf 74' lang='lat'><strong>292</strong></span> <span class='ocrx_word' id='word_1_2' title='bbox 733 167 1026 240; x_wconf 59' lang='lat' dir='ltr'><strong>NtOEbnom</strong></span> <span class='ocrx_word' id='word_1_3' title='bbox 1071 187 1374 240; x_wconf 75' lang='lat' dir='ltr'>GREGORAE</span> 
     </span>
    </p>
   </div>
   <div class='ocr_carea' id='block_1_2' title="bbox 242 295 1826 1827">
    <p class='ocr_par' dir='ltr' id='par_1_2' title="bbox 242 295 1826 1827">
     <span class='ocr_line' id='line_1_2' title="bbox 329 295 1814 361; baseline 0 -18"><span class='ocrx_word' id='word_1_4' title='bbox 329 305 419 355; x_wconf 84' lang='grc' dir='ltr'><strong><em>βεῐς</em></strong></span> <span class='ocrx_word' id='word_1_5' title='bbox 461 296 511 343; x_wconf 75' lang='grc' dir='ltr'><strong><em>οὗ</em></strong></span> <span class='ocrx_word' id='word_1_6' title='bbox 541 301 723 356; x_wconf 82' lang='grc' dir='ltr'><strong>Ιθέλουσι</strong></span> <span class='ocrx_word' id='word_1_7' title='bbox 768 302 891 355; x_wconf 83' lang='grc' dir='ltr'><strong><em>λόγον</em></strong></span> <span class='ocrx_word' id='word_1_8' title='bbox 931 303 1004 344; x_wconf 80' lang='grc' dir='ltr'><strong><em>καί</em></strong></span> <span class='ocrx_word' id='word_1_9' title='bbox 1047 300 1208 356; x_wconf 76' lang='grc' dir='ltr'><strong><em>βουλὴν</em></strong></span> <span class='ocrx_word' id='word_1_10' title='bbox 1256 303 1395 353; x_wconf 74' lang='grc' dir='ltr'><strong><em>ζῶσαν</em></strong></span> <span class='ocrx_word' id='word_1_11' title='bbox 1437 295 1545 344; x_wconf 82' lang='grc' dir='ltr'><strong><em>εἶναι</em></strong></span> <span class='ocrx_word' id='word_1_12' title='bbox 1578 299 1651 344; x_wconf 73' lang='grc' dir='ltr'><strong>τόν</strong></span> <span class='ocrx_word' id='word_1_13' title='bbox 1678 298 1814 361; x_wconf 31' lang='grc' dir='ltr'><strong><em>υἱόνᾘ</em></strong></span> 
     </span>
     <span class='ocr_line' id='line_1_3' title="bbox 323 365 1826 428; baseline 0 -18"><span class='ocrx_word' id='word_1_14' title='bbox 323 370 430 424; x_wconf 85' lang='grc' dir='ltr'><strong><em>-περί</em></strong></span> <span class='ocrx_word' id='word_1_15' title='bbox 459 370 505 410; x_wconf 80' lang='grc' dir='ltr'><strong>δὲ</strong></span> <span class='ocrx_word' id='word_1_16' title='bbox 535 367 605 409; x_wconf 87' lang='grc' dir='ltr'><strong><em>τὸν</em></strong></span> <span class='ocrx_word' id='word_1_17' title='bbox 636 366 731 409; x_wconf 89' lang='grc' dir='ltr'><strong><em>θεὸν</em></strong></span> <span class='ocrx_word' id='word_1_18' title='bbox 763 366 965 428; x_wconf 71' lang='grc' dir='ltr'><strong><em>βοίλησιν</em></strong></span> <span class='ocrx_word' id='word_1_19' title='bbox 995 370 1067 409; x_wconf 80' lang='grc' dir='ltr'>καί</span> <span class='ocrx_word' id='word_1_20' title='bbox 1098 365 1304 424; x_wconf 78' lang='grc' dir='ltr'><em>φρόνησιν</em></span> <span class='ocrx_word' id='word_1_21' title='bbox 1330 369 1403 411; x_wconf 82' lang='grc' dir='ltr'><strong><em>καί</em></strong></span> <span class='ocrx_word' id='word_1_22' title='bbox 1430 371 1587 426; x_wconf 85' lang='grc' dir='ltr'><strong><em>σοφίαν</em></strong></span> <span class='ocrx_word' id='word_1_23' title='bbox 1615 367 1673 417; x_wconf 72' lang='grc' dir='ltr'><strong>ὥς</strong></span> <span class='ocrx_word' id='word_1_24' title='bbox 1699 368 1784 419; x_wconf 75' lang='grc' dir='ltr'><em>ἕξιν</em></span> <span class='ocrx_word' id='word_1_25' title='bbox 1808 376 1826 425; x_wconf 66' lang='lat'><strong>&#39;3</strong></span> 
     </span>
     <span class='ocr_line' id='line_1_4' title="bbox 330 432 1826 491; baseline -0.001 -14"><span class='ocrx_word' id='word_1_26' title='bbox 330 438 651 487; x_wconf 84' lang='grc' dir='ltr'><strong><em>συμβαίνουσαν</em></strong></span> <span class='ocrx_word' id='word_1_27' title='bbox 681 436 754 475; x_wconf 83' lang='grc' dir='ltr'><strong><em>καί</em></strong></span> <span class='ocrx_word' id='word_1_28' title='bbox 779 434 1198 487; x_wconf 81' lang='grc' dir='ltr'><strong><em>οἷποσυμβαίνουσαν.</em></strong></span> <span class='ocrx_word' id='word_1_29' title='bbox 1263 436 1336 477; x_wconf 80' lang='grc' dir='ltr'><strong><em>καί</em></strong></span> <span class='ocrx_word' id='word_1_30' title='bbox 1360 433 1514 489; x_wconf 75' lang='grc' dir='ltr'><strong><em>ὁμοίως</em></strong></span> <span class='ocrx_word' id='word_1_31' title='bbox 1538 435 1731 491; x_wconf 74' lang='grc' dir='ltr'><strong><em>Ἰωάννης</em></strong></span> <span class='ocrx_word' id='word_1_32' title='bbox 1760 432 1783 476; x_wconf 76' lang='grc' dir='ltr'>ὅ</span> <span class='ocrx_word' id='word_1_33' title='bbox 1815 435 1826 482; x_wconf 74' lang='lat'><strong>{-</strong></span> 
     </span>
     <span class='ocr_line' id='line_1_5' title="bbox 330 497 1826 562; baseline 0.001 -20"><span class='ocrx_word' id='word_1_34' title='bbox 330 502 375 543; x_wconf 80' lang='grc' dir='ltr'><strong>ἐκ</strong></span> <span class='ocrx_word' id='word_1_35' title='bbox 410 502 642 553; x_wconf 80' lang='grc' dir='ltr'><strong><em>Δαμάσκου</em></strong></span> <span class='ocrx_word' id='word_1_36' title='bbox 671 501 870 556; x_wconf 76' lang='grc' dir='ltr'><strong><em>βούλησιν</em></strong></span> <span class='ocrx_word' id='word_1_37' title='bbox 902 499 973 542; x_wconf 84' lang='grc' dir='ltr'><strong><em>καί</em></strong></span> <span class='ocrx_word' id='word_1_38' title='bbox 1005 504 1160 558; x_wconf 86' lang='grc' dir='ltr'><strong><em>σοφίαν</em></strong></span> <span class='ocrx_word' id='word_1_39' title='bbox 1189 501 1263 544; x_wconf 82' lang='grc' dir='ltr'>καί</span> <span class='ocrx_word' id='word_1_40' title='bbox 1291 503 1472 556; x_wconf 80' lang='grc' dir='ltr'><strong><em>δύναμιν</em></strong></span> <span class='ocrx_word' id='word_1_41' title='bbox 1502 500 1572 545; x_wconf 81' lang='grc' dir='ltr'><strong><em>τὸν</em></strong></span> <span class='ocrx_word' id='word_1_42' title='bbox 1601 499 1696 556; x_wconf 60' lang='lat' dir='ltr'><strong>vifis·</strong></span> <span class='ocrx_word' id='word_1_43' title='bbox 1720 497 1826 562; x_wconf 48' lang='lat' dir='ltr'><strong>sl-J}</strong></span> 
     </span>
     <span class='ocr_line' id='line_1_6' title="bbox 329 564 1817 632; baseline 0.001 -24"><span class='ocrx_word' id='word_1_44' title='bbox 329 583 398 608; x_wconf 85' lang='grc' dir='ltr'><strong>ναι</strong></span> <span class='ocrx_word' id='word_1_45' title='bbox 427 567 534 620; x_wconf 82' lang='grc' dir='ltr'><strong><em>λέγει</em></strong></span> <span class='ocrx_word' id='word_1_46' title='bbox 555 569 627 609; x_wconf 72' lang='grc' dir='ltr'><strong>τοῦ</strong></span> <span class='ocrx_word' id='word_1_47' title='bbox 661 566 842 622; x_wconf 82' lang='grc' dir='ltr'><strong><em>πατρός·</em></strong></span> <span class='ocrx_word' id='word_1_48' title='bbox 875 567 926 608; x_wconf 74' lang='grc' dir='ltr'><strong><em>οὗ</em></strong></span> <span class='ocrx_word' id='word_1_49' title='bbox 954 564 1038 622; x_wconf 73' lang='grc' dir='ltr'><strong>χρὴ</strong></span> <span class='ocrx_word' id='word_1_50' title='bbox 1069 567 1150 632; x_wconf 80' lang='grc' dir='ltr'><strong>γὰρ</strong></span> <span class='ocrx_word' id='word_1_51' title='bbox 1181 570 1314 623; x_wconf 83' lang='grc' dir='ltr'><strong><em>λέγειν</em></strong></span> <span class='ocrx_word' id='word_1_52' title='bbox 1338 570 1411 611; x_wconf 75' lang='grc' dir='ltr'><strong>ἐπὶ</strong></span> <span class='ocrx_word' id='word_1_53' title='bbox 1437 571 1542 611; x_wconf 80' lang='grc' dir='ltr'><strong><em>θεοῦ</em></strong></span> <span class='ocrx_word' id='word_1_54' title='bbox 1568 567 1817 632; x_wconf 53' lang='grc' dir='ltr'><strong>ποιότηταρ</strong></span> 
     </span>
     <span class='ocr_line' id='line_1_7' title="bbox 329 630 1826 695; baseline 0.001 -21"><span class='ocrx_word' id='word_1_55' title='bbox 329 635 396 675; x_wconf 83' lang='grc' dir='ltr'><strong><em>ἵνα</em></strong></span> <span class='ocrx_word' id='word_1_56' title='bbox 425 633 483 687; x_wconf 74' lang='grc' dir='ltr'><strong>μὴ</strong></span> <span class='ocrx_word' id='word_1_57' title='bbox 516 630 721 676; x_wconf 60' lang='grc' dir='ltr'><strong><em>σι’νθετον</em></strong></span> <span class='ocrx_word' id='word_1_58' title='bbox 752 631 885 675; x_wconf 61' lang='grc' dir='ltr'><strong><em>αὐτόν</em></strong></span> <span class='ocrx_word' id='word_1_59' title='bbox 918 632 1158 688; x_wconf 74' lang='grc' dir='ltr'><strong><em>ποιήσωμεν</em></strong></span> <span class='ocrx_word' id='word_1_60' title='bbox 1201 635 1244 685; x_wconf 81' lang='grc' dir='ltr'><strong>ἐξ</strong></span> <span class='ocrx_word' id='word_1_61' title='bbox 1280 635 1428 684; x_wconf 80' lang='grc' dir='ltr'><strong><em>ου’σίας</em></strong></span> <span class='ocrx_word' id='word_1_62' title='bbox 1457 634 1529 677; x_wconf 80' lang='grc' dir='ltr'><strong><em>καί</em></strong></span> <span class='ocrx_word' id='word_1_63' title='bbox 1557 633 1783 690; x_wconf 74' lang='grc' dir='ltr'><em>ποιότητος,</em></span> <span class='ocrx_word' id='word_1_64' title='bbox 1816 656 1826 695; x_wconf 53' lang='lat' dir='ltr'><em>f</em></span> 
     </span>
     <span class='ocr_line' id='line_1_8' title="bbox 333 696 1826 758; baseline 0.001 -16"><span class='ocrx_word' id='word_1_65' title='bbox 333 699 407 742; x_wconf 81' lang='grc' dir='ltr'><em>καί</em></span> <span class='ocrx_word' id='word_1_66' title='bbox 434 698 538 754; x_wconf 78' lang='grc' dir='ltr'><strong><em>πρός</em></strong></span> <span class='ocrx_word' id='word_1_67' title='bbox 568 715 613 753; x_wconf 84' lang='grc' dir='ltr'><strong>γε</strong></span> <span class='ocrx_word' id='word_1_68' title='bbox 646 698 667 740; x_wconf 83' lang='grc' dir='ltr'><strong><em>ὅ</em></strong></span> <span class='ocrx_word' id='word_1_69' title='bbox 700 701 940 742; x_wconf 87' lang='grc' dir='ltr'><strong><em>Νυσσαέων</em></strong></span> <span class='ocrx_word' id='word_1_70' title='bbox 971 698 1205 755; x_wconf 82' lang='grc' dir='ltr'><strong><em>Γρηγόριος</em></strong></span> <span class='ocrx_word' id='word_1_71' title='bbox 1243 696 1370 751; x_wconf 81' lang='grc' dir='ltr'><strong><em>ὄντως</em></strong></span> <span class='ocrx_word' id='word_1_72' title='bbox 1398 703 1555 758; x_wconf 82' lang='grc' dir='ltr'><strong><em>σοφίαν</em></strong></span> <span class='ocrx_word' id='word_1_73' title='bbox 1583 702 1656 743; x_wconf 77' lang='grc' dir='ltr'><strong><em>καί</em></strong></span> <span class='ocrx_word' id='word_1_74' title='bbox 1681 705 1786 755; x_wconf 79' lang='grc' dir='ltr'><strong><em>βου·</em></strong></span> <span class='ocrx_word' id='word_1_75' title='bbox 1818 698 1826 758; x_wconf 59' lang='grc' dir='ltr'><strong>’ξ</strong></span> 
     </span>
     <span class='ocr_line' id='line_1_9' title="bbox 330 762 1787 824; baseline 0.001 -16"><span class='ocrx_word' id='word_1_76' title='bbox 330 765 405 820; x_wconf 59' lang='lat' dir='ltr'><strong>triv</strong></span> <span class='ocrx_word' id='word_1_77' title='bbox 435 767 560 808; x_wconf 82' lang='grc' dir='ltr'><strong><em>ου’δὲν</em></strong></span> <span class='ocrx_word' id='word_1_78' title='bbox 579 767 718 821; x_wconf 78' lang='grc' dir='ltr'><strong><em>ἕτερον</em></strong></span> <span class='ocrx_word' id='word_1_79' title='bbox 737 762 845 808; x_wconf 84' lang='grc' dir='ltr'><strong><em>εἶναι</em></strong></span> <span class='ocrx_word' id='word_1_80' title='bbox 873 769 982 821; x_wconf 85' lang='grc' dir='ltr'><em>λέγει</em></span> <span class='ocrx_word' id='word_1_81' title='bbox 1005 765 1110 822; x_wconf 68' lang='grc' dir='ltr'><strong><em>πλὴν</em></strong></span> <span class='ocrx_word' id='word_1_82' title='bbox 1138 769 1210 822; x_wconf 78' lang='grc' dir='ltr'><strong>τῆς</strong></span> <span class='ocrx_word' id='word_1_83' title='bbox 1228 769 1305 810; x_wconf 81' lang='grc' dir='ltr'><strong><em>τοῦ</em></strong></span> <span class='ocrx_word' id='word_1_84' title='bbox 1329 766 1494 818; x_wconf 79' lang='grc' dir='ltr'><strong><em>παντός’</em></strong></span> <span class='ocrx_word' id='word_1_85' title='bbox 1510 783 1787 824; x_wconf 83' lang='grc' dir='ltr'><strong><em>προεπινοου-</em></strong></span> 
     </span>
     <span class='ocr_line' id='line_1_10' title="bbox 328 827 1826 901; baseline 0.001 -25"><span class='ocrx_word' id='word_1_86' title='bbox 328 833 455 889; x_wconf 81' lang='grc' dir='ltr'><strong><em>μένης</em></strong></span> <span class='ocrx_word' id='word_1_87' title='bbox 487 836 655 889; x_wconf 75' lang='grc' dir='ltr'><strong><em>σοφίας,</em></strong></span> <span class='ocrx_word' id='word_1_88' title='bbox 687 831 730 875; x_wconf 78' lang='grc' dir='ltr'><strong><em>ἐν</em></strong></span> <span class='ocrx_word' id='word_1_89' title='bbox 759 827 785 890; x_wconf 83' lang='grc' dir='ltr'><em>ᾗ</em></span> <span class='ocrx_word' id='word_1_90' title='bbox 814 833 864 874; x_wconf 80' lang='grc' dir='ltr'><strong>τὰ</strong></span> <span class='ocrx_word' id='word_1_91' title='bbox 898 833 1034 883; x_wconf 70' lang='grc' dir='ltr'><strong><em>πάντα</em></strong></span> <span class='ocrx_word' id='word_1_92' title='bbox 1065 833 1223 888; x_wconf 76' lang='grc' dir='ltr'><strong><em>ἐγένετο</em></strong></span> <span class='ocrx_word' id='word_1_93' title='bbox 1254 833 1327 877; x_wconf 81' lang='grc' dir='ltr'><strong><em>καί</em></strong></span> <span class='ocrx_word' id='word_1_94' title='bbox 1353 834 1639 892; x_wconf 77' lang='grc' dir='ltr'><strong><em>διεκοσμήθη·</em></strong></span> <span class='ocrx_word' id='word_1_95' title='bbox 1670 838 1785 891; x_wconf 85' lang='grc' dir='ltr'><em>Χρι-</em></span> <span class='ocrx_word' id='word_1_96' title='bbox 1812 847 1826 901; x_wconf 49' lang='grc'><strong>,”.;</strong></span> 
     </span>
     <span class='ocr_line' id='line_1_11' title="bbox 242 899 1826 958; baseline -0.001 -13"><span class='ocrx_word' id='word_1_97' title='bbox 242 912 313 945; x_wconf 68' lang='lat'><strong>82</strong></span> <span class='ocrx_word' id='word_1_98' title='bbox 330 899 424 950; x_wconf 86' lang='grc' dir='ltr'><strong><em>στός</em></strong></span> <span class='ocrx_word' id='word_1_99' title='bbox 451 899 532 955; x_wconf 77' lang='grc' dir='ltr'><strong>γὰρ</strong></span> <span class='ocrx_word' id='word_1_100' title='bbox 564 901 670 941; x_wconf 79' lang='grc' dir='ltr'><strong><em>θεοῦ</em></strong></span> <span class='ocrx_word' id='word_1_101' title='bbox 702 901 883 953; x_wconf 80' lang='grc' dir='ltr'><strong><em>δυ’ναμις</em></strong></span> <span class='ocrx_word' id='word_1_102' title='bbox 912 900 984 942; x_wconf 80' lang='grc' dir='ltr'><strong><em>καί</em></strong></span> <span class='ocrx_word' id='word_1_103' title='bbox 1013 902 1118 942; x_wconf 77' lang='grc' dir='ltr'><strong><em>θεοῦ</em></strong></span> <span class='ocrx_word' id='word_1_104' title='bbox 1146 905 1289 957; x_wconf 87' lang='grc' dir='ltr'><strong><em>σοφία.</em></strong></span> <span class='ocrx_word' id='word_1_105' title='bbox 1330 903 1401 944; x_wconf 81' lang='grc' dir='ltr'><strong><em>καί</em></strong></span> <span class='ocrx_word' id='word_1_106' title='bbox 1432 903 1555 945; x_wconf 76' lang='grc' dir='ltr'><strong><em>τοῦτο</em></strong></span> <span class='ocrx_word' id='word_1_107' title='bbox 1584 905 1663 956; x_wconf 77' lang='grc' dir='ltr'><strong><em>μὲν</em></strong></span> <span class='ocrx_word' id='word_1_108' title='bbox 1688 903 1826 958; x_wconf 55' lang='grc' dir='ltr'><strong><em>περίιζ</em></strong></span> 
     </span>
     <span class='ocr_line' id='line_1_12' title="bbox 331 962 1826 1023; baseline 0.004 -15"><span class='ocrx_word' id='word_1_109' title='bbox 331 969 407 1009; x_wconf 77' lang='grc' dir='ltr'><strong><em>τοῦ</em></strong></span> <span class='ocrx_word' id='word_1_110' title='bbox 438 964 594 1008; x_wconf 72' lang='grc' dir='ltr'><strong><em>ταύτὸν</em></strong></span> <span class='ocrx_word' id='word_1_111' title='bbox 620 962 729 1008; x_wconf 80' lang='grc' dir='ltr'><strong><em>εἶναι</em></strong></span> <span class='ocrx_word' id='word_1_112' title='bbox 761 968 864 1009; x_wconf 81' lang='grc' dir='ltr'><strong>κατὰ</strong></span> <span class='ocrx_word' id='word_1_113' title='bbox 898 966 943 1009; x_wconf 86' lang='grc' dir='ltr'><strong>τὸ</strong></span> <span class='ocrx_word' id='word_1_114' title='bbox 973 966 1283 1023; x_wconf 85' lang='grc' dir='ltr'><strong><em>σημαινόμενον</em></strong></span> <span class='ocrx_word' id='word_1_115' title='bbox 1329 969 1481 1012; x_wconf 66' lang='grc' dir='ltr'><strong><em>οὐσίαν</em></strong></span> <span class='ocrx_word' id='word_1_116' title='bbox 1511 967 1693 1023; x_wconf 75' lang='grc' dir='ltr'><strong><em>δύναμιν</em></strong></span> <span class='ocrx_word' id='word_1_117' title='bbox 1715 968 1790 1013; x_wconf 84' lang='grc' dir='ltr'><strong><em>καί</em></strong></span> <span class='ocrx_word' id='word_1_118' title='bbox 1824 974 1826 1014; x_wconf 77' lang='lat'>3</span> 
     </span>
     <span class='ocr_line' id='line_1_13' title="bbox 331 1030 1826 1093; baseline 0.003 -19"><span class='ocrx_word' id='word_1_119' title='bbox 331 1032 533 1088; x_wconf 78' lang='grc' dir='ltr'><strong><em>βούλησιν</em></strong></span> <span class='ocrx_word' id='word_1_120' title='bbox 564 1034 636 1075; x_wconf 77' lang='grc' dir='ltr'><strong><em>καί</em></strong></span> <span class='ocrx_word' id='word_1_121' title='bbox 662 1037 831 1090; x_wconf 87' lang='grc' dir='ltr'><strong><em>σοφίαν.</em></strong></span> <span class='ocrx_word' id='word_1_122' title='bbox 867 1032 911 1076; x_wconf 80' lang='grc' dir='ltr'><strong><em>ἐν</em></strong></span> <span class='ocrx_word' id='word_1_123' title='bbox 942 1030 1085 1085; x_wconf 75' lang='grc' dir='ltr'><strong><em>ἄλλοις</em></strong></span> <span class='ocrx_word' id='word_1_124' title='bbox 1114 1036 1153 1075; x_wconf 84' lang='grc' dir='ltr'><strong>δ’</strong></span> <span class='ocrx_word' id='word_1_125' title='bbox 1184 1035 1422 1091; x_wconf 74' lang='grc' dir='ltr'><strong><em>εὑρίσκεται</em></strong></span> <span class='ocrx_word' id='word_1_126' title='bbox 1454 1037 1584 1091; x_wconf 83' lang='grc' dir='ltr'><strong><em>λέγων</em></strong></span> <span class='ocrx_word' id='word_1_127' title='bbox 1614 1035 1635 1078; x_wconf 79' lang='grc' dir='ltr'>ὅ</span> <span class='ocrx_word' id='word_1_128' title='bbox 1670 1039 1787 1087; x_wconf 81' lang='grc' dir='ltr'><strong><em>θεῖος</em></strong></span> <span class='ocrx_word' id='word_1_129' title='bbox 1815 1058 1826 1093; x_wconf 62' lang='lat'><strong>=3</strong></span> 
     </span>
     <span class='ocr_line' id='line_1_14' title="bbox 331 1098 1826 1170; baseline 0.003 -28"><span class='ocrx_word' id='word_1_130' title='bbox 331 1101 532 1152; x_wconf 79' lang='grc' dir='ltr'><strong>Μάξιμος</strong></span> <span class='ocrx_word' id='word_1_131' title='bbox 577 1100 634 1149; x_wconf 79' lang='grc' dir='ltr'><strong>ιὸς</strong></span> <span class='ocrx_word' id='word_1_132' title='bbox 676 1098 700 1154; x_wconf 82' lang='grc' dir='ltr'><em>ἦ</em></span> <span class='ocrx_word' id='word_1_133' title='bbox 748 1103 919 1157; x_wconf 83' lang='grc' dir='ltr'><strong><em>θέλησις</em></strong></span> <span class='ocrx_word' id='word_1_134' title='bbox 963 1104 1035 1144; x_wconf 80' lang='grc' dir='ltr'>καί</span> <span class='ocrx_word' id='word_1_135' title='bbox 1082 1101 1106 1157; x_wconf 78' lang='grc' dir='ltr'><em>ἢ</em></span> <span class='ocrx_word' id='word_1_136' title='bbox 1143 1103 1344 1158; x_wconf 81' lang='grc' dir='ltr'><strong><em>βούλησις</em></strong></span> <span class='ocrx_word' id='word_1_137' title='bbox 1385 1103 1461 1145; x_wconf 75' lang='grc' dir='ltr'><strong><em>οὔκ</em></strong></span> <span class='ocrx_word' id='word_1_138' title='bbox 1507 1105 1601 1146; x_wconf 77' lang='grc' dir='ltr'><strong><em>ἐστι’</em></strong></span> <span class='ocrx_word' id='word_1_139' title='bbox 1637 1102 1789 1146; x_wconf 67' lang='grc' dir='ltr'><strong><em>ταύτὸν</em></strong></span> <span class='ocrx_word' id='word_1_140' title='bbox 1814 1103 1826 1170; x_wconf 37' lang='lat' dir='ltr'><strong>i</strong></span> 
     </span>
     <span class='ocr_line' id='line_1_15' title="bbox 330 1167 1817 1225; baseline 0.003 -18"><span class='ocrx_word' id='word_1_141' title='bbox 330 1167 382 1222; x_wconf 67' lang='grc' dir='ltr'><strong>τῇ</strong></span> <span class='ocrx_word' id='word_1_142' title='bbox 422 1167 543 1224; x_wconf 76' lang='grc' dir='ltr'><strong><em>ου’σίᾳ</em></strong></span> <span class='ocrx_word' id='word_1_143' title='bbox 586 1168 660 1220; x_wconf 78' lang='grc' dir='ltr'><strong><em>τοῦ</em></strong></span> <span class='ocrx_word' id='word_1_144' title='bbox 699 1168 816 1209; x_wconf 83' lang='grc' dir='ltr'><strong><em>θεοῦ.</em></strong></span> <span class='ocrx_word' id='word_1_145' title='bbox 878 1167 932 1223; x_wconf 75' lang='grc' dir='ltr'><strong>“ἦ</strong></span> <span class='ocrx_word' id='word_1_146' title='bbox 960 1170 1038 1221; x_wconf 84' lang='grc' dir='ltr'><strong><em>μὲν</em></strong></span> <span class='ocrx_word' id='word_1_147' title='bbox 1065 1168 1144 1224; x_wconf 74' lang='grc' dir='ltr'><strong>γὰρ</strong></span> <span class='ocrx_word' id='word_1_148' title='bbox 1187 1171 1358 1225; x_wconf 82' lang='grc' dir='ltr'><strong><em>θέλησις</em></strong></span> <span class='ocrx_word' id='word_1_149' title='bbox 1388 1173 1462 1212; x_wconf 86' lang='grc' dir='ltr'>καί</span> <span class='ocrx_word' id='word_1_150' title='bbox 1499 1167 1678 1225; x_wconf 70' lang='grc' dir='ltr'><strong>ἔρχεται</strong></span> <span class='ocrx_word' id='word_1_151' title='bbox 1719 1172 1817 1212; x_wconf 72' lang='lat' dir='ltr'><strong>uai&#39;</strong></span> 
     </span>
     <span class='ocr_line' id='line_1_16' title="bbox 329 1230 1788 1293; baseline 0.005 -21"><span class='ocrx_word' id='word_1_152' title='bbox 329 1233 538 1285; x_wconf 76' lang='grc' dir='ltr'><strong>παύεται,</strong></span> <span class='ocrx_word' id='word_1_153' title='bbox 585 1232 610 1287; x_wconf 83' lang='grc' dir='ltr'><em>ἦ</em></span> <span class='ocrx_word' id='word_1_154' title='bbox 658 1234 704 1274; x_wconf 80' lang='grc' dir='ltr'><strong>δὲ</strong></span> <span class='ocrx_word' id='word_1_155' title='bbox 743 1235 865 1276; x_wconf 84' lang='grc' dir='ltr'><strong><em>ου’σία</em></strong></span> <span class='ocrx_word' id='word_1_156' title='bbox 902 1230 996 1277; x_wconf 76' lang='grc' dir='ltr'><strong><em>οὔτε</em></strong></span> <span class='ocrx_word' id='word_1_157' title='bbox 1042 1231 1219 1290; x_wconf 74' lang='grc' dir='ltr'><strong>ἄρχεται</strong></span> <span class='ocrx_word' id='word_1_158' title='bbox 1264 1233 1361 1279; x_wconf 76' lang='grc' dir='ltr'><strong><em>οὕτε</em></strong></span> <span class='ocrx_word' id='word_1_159' title='bbox 1403 1240 1594 1293; x_wconf 79' lang='grc' dir='ltr'><strong>παι-ἐται.</strong></span> <span class='ocrx_word' id='word_1_160' title='bbox 1666 1236 1711 1280; x_wconf 78' lang='grc' dir='ltr'><strong>τὸ</strong></span> <span class='ocrx_word' id='word_1_161' title='bbox 1749 1237 1788 1279; x_wconf 85' lang='grc' dir='ltr'><strong>δ’</strong></span> 
     </span>
     <span class='ocr_line' id='line_1_17' title="bbox 330 1298 1788 1363; baseline 0.005 -25"><span class='ocrx_word' id='word_1_162' title='bbox 330 1298 565 1351; x_wconf 80' lang='grc' dir='ltr'><strong><em>ιῖρχόμενον</em></strong></span> <span class='ocrx_word' id='word_1_163' title='bbox 613 1302 685 1355; x_wconf 74' lang='grc' dir='ltr'><strong><em>καί</em></strong></span> <span class='ocrx_word' id='word_1_164' title='bbox 719 1299 957 1354; x_wconf 80' lang='grc' dir='ltr'><strong><em>παυόμενον</em></strong></span> <span class='ocrx_word' id='word_1_165' title='bbox 999 1305 1058 1359; x_wconf 73' lang='grc' dir='ltr'><strong>τῷ</strong></span> <span class='ocrx_word' id='word_1_166' title='bbox 1091 1301 1196 1357; x_wconf 78' lang='grc' dir='ltr'><strong>μήτε</strong></span> <span class='ocrx_word' id='word_1_167' title='bbox 1241 1304 1461 1363; x_wconf 70' lang='grc' dir='ltr'><strong><em>ἀρχομένῳ</em></strong></span> <span class='ocrx_word' id='word_1_168' title='bbox 1498 1305 1602 1360; x_wconf 72' lang='grc' dir='ltr'><strong>μήτε</strong></span> <span class='ocrx_word' id='word_1_169' title='bbox 1651 1319 1788 1346; x_wconf 81' lang='grc' dir='ltr'><strong><em>παυο-</em></strong></span> 
     </span>
     <span class='ocr_line' id='line_1_18' title="bbox 327 1362 1788 1428; baseline 0.004 -22"><span class='ocrx_word' id='word_1_170' title='bbox 327 1366 438 1421; x_wconf 81' lang='grc' dir='ltr'><strong><em>μένῳ</em></strong></span> <span class='ocrx_word' id='word_1_171' title='bbox 469 1363 515 1406; x_wconf 86' lang='grc' dir='ltr'>τὸ</span> <span class='ocrx_word' id='word_1_172' title='bbox 551 1365 665 1408; x_wconf 62' lang='grc' dir='ltr'><strong>αὐτὰ</strong></span> <span class='ocrx_word' id='word_1_173' title='bbox 681 1362 787 1408; x_wconf 87' lang='grc' dir='ltr'><strong><em>εἶναι</em></strong></span> <span class='ocrx_word' id='word_1_174' title='bbox 820 1368 873 1408; x_wconf 82' lang='grc' dir='ltr'><strong><em>ου’</em></strong></span> <span class='ocrx_word' id='word_1_175' title='bbox 902 1365 1095 1411; x_wconf 78' lang='grc' dir='ltr'><strong><em>δύναται.</em></strong></span> <span class='ocrx_word' id='word_1_176' title='bbox 1161 1371 1202 1412; x_wconf 82' lang='grc' dir='ltr'><strong>εἰ</strong></span> <span class='ocrx_word' id='word_1_177' title='bbox 1235 1368 1316 1425; x_wconf 72' lang='grc' dir='ltr'><strong>γὰρ</strong></span> <span class='ocrx_word' id='word_1_178' title='bbox 1356 1369 1511 1413; x_wconf 72' lang='grc' dir='ltr'><strong><em>ταύτὸν</em></strong></span> <span class='ocrx_word' id='word_1_179' title='bbox 1541 1366 1592 1426; x_wconf 82' lang='grc' dir='ltr'><strong><em>ἦν</em></strong></span> <span class='ocrx_word' id='word_1_180' title='bbox 1631 1373 1683 1428; x_wconf 85' lang='grc' dir='ltr'><strong>τῇ</strong></span> <span class='ocrx_word' id='word_1_181' title='bbox 1710 1370 1788 1412; x_wconf 81' lang='grc' dir='ltr'><strong><em>ου’-</em></strong></span> 
     </span>
     <span class='ocr_line' id='line_1_19' title="bbox 328 1433 1788 1493; baseline 0.006 -21"><span class='ocrx_word' id='word_1_182' title='bbox 328 1434 398 1487; x_wconf 73' lang='grc' dir='ltr'><strong>σίᾳ</strong></span> <span class='ocrx_word' id='word_1_183' title='bbox 443 1434 517 1473; x_wconf 79' lang='grc' dir='ltr'><strong><em>τοῦ</em></strong></span> <span class='ocrx_word' id='word_1_184' title='bbox 553 1434 655 1474; x_wconf 83' lang='grc' dir='ltr'><strong><em>θεοῦ</em></strong></span> <span class='ocrx_word' id='word_1_185' title='bbox 703 1433 727 1487; x_wconf 81' lang='grc' dir='ltr'><em>ἧ</em></span> <span class='ocrx_word' id='word_1_186' title='bbox 766 1435 995 1491; x_wconf 81' lang='grc' dir='ltr'><strong><em>βούλησις,</em></strong></span> <span class='ocrx_word' id='word_1_187' title='bbox 1037 1437 1165 1490; x_wconf 78' lang='grc' dir='ltr'><strong><em>ἐχρῆν</em></strong></span> <span class='ocrx_word' id='word_1_188' title='bbox 1218 1438 1321 1490; x_wconf 79' lang='grc' dir='ltr'><em>μιᾶς</em></span> <span class='ocrx_word' id='word_1_189' title='bbox 1361 1433 1487 1493; x_wconf 66' lang='grc' dir='ltr'><strong><em>οὔσης</em></strong></span> <span class='ocrx_word' id='word_1_190' title='bbox 1532 1439 1604 1493; x_wconf 70' lang='grc' dir='ltr'><strong>τῆς</strong></span> <span class='ocrx_word' id='word_1_191' title='bbox 1642 1437 1788 1490; x_wconf 75' lang='grc' dir='ltr'><strong><em>οὐσίας</em></strong></span> 
     </span>
     <span class='ocr_line' id='line_1_20' title="bbox 325 1494 1785 1560; baseline 0.005 -22"><span class='ocrx_word' id='word_1_192' title='bbox 325 1501 429 1549; x_wconf 87' lang='grc' dir='ltr'><strong><em>μίαν</em></strong></span> <span class='ocrx_word' id='word_1_193' title='bbox 461 1494 570 1541; x_wconf 81' lang='grc' dir='ltr'><strong><em>εἶναι</em></strong></span> <span class='ocrx_word' id='word_1_194' title='bbox 597 1502 669 1550; x_wconf 73' lang='grc' dir='ltr'><strong><em>καί</em></strong></span> <span class='ocrx_word' id='word_1_195' title='bbox 699 1499 773 1554; x_wconf 68' lang='grc' dir='ltr'><strong><em>τὴν</em></strong></span> <span class='ocrx_word' id='word_1_196' title='bbox 802 1503 991 1556; x_wconf 81' lang='grc' dir='ltr'><strong><em>θέλησιν.</em></strong></span> <span class='ocrx_word' id='word_1_197' title='bbox 1021 1503 1113 1544; x_wconf 78' lang='grc' dir='ltr'><strong><em>ἀλλ’</em></strong></span> <span class='ocrx_word' id='word_1_198' title='bbox 1142 1502 1166 1557; x_wconf 80' lang='grc' dir='ltr'><em>ἦ</em></span> <span class='ocrx_word' id='word_1_199' title='bbox 1200 1502 1345 1560; x_wconf 77' lang='grc' dir='ltr'><strong><em>γραφη</em></strong></span> <span class='ocrx_word' id='word_1_200' title='bbox 1375 1503 1512 1546; x_wconf 80' lang='grc' dir='ltr'><strong><em>πάντα</em></strong></span> <span class='ocrx_word' id='word_1_201' title='bbox 1534 1495 1675 1560; x_wconf 78' lang='grc' dir='ltr'><strong><em>φησίν,</em></strong></span> <span class='ocrx_word' id='word_1_202' title='bbox 1706 1500 1785 1547; x_wconf 70' lang='grc' dir='ltr'><strong><em>ὅσα</em></strong></span> 
     </span>
     <span class='ocr_line' id='line_1_21' title="bbox 327 1564 1789 1626; baseline 0.007 -22"><span class='ocrx_word' id='word_1_203' title='bbox 327 1565 557 1619; x_wconf 85' lang='grc' dir='ltr'><strong><em>ἠθέλησεν,</em></strong></span> <span class='ocrx_word' id='word_1_204' title='bbox 597 1568 780 1621; x_wconf 81' lang='grc' dir='ltr'><strong><em>ἐποίησε.</em></strong></span> <span class='ocrx_word' id='word_1_205' title='bbox 852 1566 981 1609; x_wconf 81' lang='grc' dir='ltr'><strong><em>πολλοὶ</em></strong></span> <span class='ocrx_word' id='word_1_206' title='bbox 1030 1564 1104 1610; x_wconf 76' lang='grc' dir='ltr'><strong>οὖν</strong></span> <span class='ocrx_word' id='word_1_207' title='bbox 1147 1572 1328 1626; x_wconf 81' lang='grc' dir='ltr'><strong><em>ἠθέλησε</em></strong></span> <span class='ocrx_word' id='word_1_208' title='bbox 1368 1573 1442 1613; x_wconf 85' lang='grc' dir='ltr'><em>καί</em></span> <span class='ocrx_word' id='word_1_209' title='bbox 1471 1571 1550 1625; x_wconf 71' lang='lat'>⁰¹57:</span> <span class='ocrx_word' id='word_1_210' title='bbox 1578 1570 1659 1613; x_wconf 58' lang='lat' dir='ltr'><strong>W.</strong></span> <span class='ocrx_word' id='word_1_211' title='bbox 1716 1572 1789 1614; x_wconf 83' lang='grc' dir='ltr'><strong><em>καί</em></strong></span> 
     </span>
     <span class='ocr_line' id='line_1_22' title="bbox 328 1629 1787 1693; baseline 0.007 -23"><span class='ocrx_word' id='word_1_212' title='bbox 328 1629 519 1683; x_wconf 79' lang='grc' dir='ltr'><strong><em>ὅμοι’ωςὸ</em></strong></span> <span class='ocrx_word' id='word_1_213' title='bbox 550 1634 665 1682; x_wconf 82' lang='grc' dir='ltr'><strong><em>θεῖος</em></strong></span> <span class='ocrx_word' id='word_1_214' title='bbox 682 1632 897 1688; x_wconf 80' lang='grc' dir='ltr'><strong><em>Κύριλλος</em></strong></span> <span class='ocrx_word' id='word_1_215' title='bbox 918 1634 971 1690; x_wconf 63' lang='lat' dir='ltr'><strong>“vj</strong></span> <span class='ocrx_word' id='word_1_216' title='bbox 984 1632 1102 1685; x_wconf 74' lang='grc' dir='ltr'><strong><em>ἑνός”</em></strong></span> <span class='ocrx_word' id='word_1_217' title='bbox 1122 1652 1226 1693; x_wconf 91' lang='grc' dir='ltr'><strong><em>φησι</em></strong></span> <span class='ocrx_word' id='word_1_218' title='bbox 1239 1635 1346 1679; x_wconf 81' lang='grc' dir='ltr'><strong><em>“τῶν</em></strong></span> <span class='ocrx_word' id='word_1_219' title='bbox 1367 1639 1688 1692; x_wconf 84' lang='grc' dir='ltr'><strong><em>ω’νομασμὲνων,</em></strong></span> <span class='ocrx_word' id='word_1_220' title='bbox 1702 1654 1787 1680; x_wconf 81' lang='grc' dir='ltr'><strong>πα-</strong></span> 
     </span>
     <span class='ocr_line' id='line_1_23' title="bbox 328 1695 1789 1760; baseline 0.005 -20"><span class='ocrx_word' id='word_1_221' title='bbox 328 1695 422 1752; x_wconf 82' lang='grc' dir='ltr'><em>τρὸς</em></span> <span class='ocrx_word' id='word_1_222' title='bbox 462 1697 567 1752; x_wconf 81' lang='grc' dir='ltr'><strong><em>λέγω</em></strong></span> <span class='ocrx_word' id='word_1_223' title='bbox 598 1698 671 1740; x_wconf 81' lang='grc' dir='ltr'><strong><em>καί</em></strong></span> <span class='ocrx_word' id='word_1_224' title='bbox 697 1697 796 1741; x_wconf 81' lang='grc' dir='ltr'><strong><em>υἱοῦ</em></strong></span> <span class='ocrx_word' id='word_1_225' title='bbox 826 1701 898 1742; x_wconf 84' lang='grc' dir='ltr'>καί</span> <span class='ocrx_word' id='word_1_226' title='bbox 917 1701 1038 1756; x_wconf 76' lang='grc' dir='ltr'><strong><em>ἁγίου</em></strong></span> <span class='ocrx_word' id='word_1_227' title='bbox 1067 1702 1317 1757; x_wconf 74' lang='grc' dir='ltr'><strong><em>πνεύματος,</em></strong></span> <span class='ocrx_word' id='word_1_228' title='bbox 1351 1700 1625 1760; x_wconf 75' lang='grc' dir='ltr'><strong><em>δημιουργικῆ</em></strong></span> <span class='ocrx_word' id='word_1_229' title='bbox 1658 1703 1789 1759; x_wconf 86' lang='grc' dir='ltr'><strong><em>θέλη-</em></strong></span> 
     </span>
     <span class='ocr_line' id='line_1_24' title="bbox 329 1760 1818 1827; baseline 0.005 -22"><span class='ocrx_word' id='word_1_230' title='bbox 329 1778 410 1814; x_wconf 89' lang='grc' dir='ltr'><strong><em>σις,</em></strong></span> <span class='ocrx_word' id='word_1_231' title='bbox 441 1765 507 1820; x_wconf 83' lang='grc' dir='ltr'><strong>ἐφ’</strong></span> <span class='ocrx_word' id='word_1_232' title='bbox 538 1760 617 1822; x_wconf 79' lang='grc' dir='ltr'><strong>ὅτῳ</strong></span> <span class='ocrx_word' id='word_1_233' title='bbox 644 1781 719 1822; x_wconf 80' lang='grc' dir='ltr'><strong>περ</strong></span> <span class='ocrx_word' id='word_1_234' title='bbox 755 1760 806 1808; x_wconf 73' lang='grc' dir='ltr'><strong><em>ἂν</em></strong></span> <span class='ocrx_word' id='word_1_235' title='bbox 847 1768 1007 1822; x_wconf 82' lang='grc' dir='ltr'><strong><em>λέγοιτο</em></strong></span> <span class='ocrx_word' id='word_1_236' title='bbox 1039 1771 1238 1822; x_wconf 86' lang='grc' dir='ltr'><strong><em>γενέσθαι</em></strong></span> <span class='ocrx_word' id='word_1_237' title='bbox 1276 1768 1433 1824; x_wconf 79' lang='grc' dir='ltr'><strong><em>τυχὸν,</em></strong></span> <span class='ocrx_word' id='word_1_238' title='bbox 1460 1771 1681 1827; x_wconf 80' lang='grc' dir='ltr'><strong><em>ἐνέργημα·</em></strong></span> <span class='ocrx_word' id='word_1_239' title='bbox 1707 1771 1787 1824; x_wconf 80' lang='grc' dir='ltr'><strong><em>μὲν</em></strong></span> <span class='ocrx_word' id='word_1_240' title='bbox 1814 1784 1818 1821; x_wconf 62' lang='lat'><em>3</em></span> 
     </span>
    </p>
   </div>
   <div class='ocr_carea' id='block_1_3' title="bbox 1813 235 1819 251">
    <p class='ocr_par' dir='ltr' id='par_1_3' title="bbox 1813 235 1819 251">
     <span class='ocr_line' id='line_1_25' title="bbox 1813 235 1819 251; baseline 0 0"><span class='ocrx_word' id='word_1_241' title='bbox 1813 235 1819 251; x_wconf 63' lang='grc' dir='ltr'><em>δ</em></span> 
     </span>
    </p>
   </div>
   <div class='ocr_carea' id='block_1_4' title="bbox 1794 1295 1826 3120">
    <p class='ocr_par' dir='ltr' id='par_1_4' title="bbox 1794 1295 1826 3120">
     <span class='ocr_line' id='line_1_26' title="bbox 1794 1295 1826 3120; baseline 0 -744"><span class='ocrx_word' id='word_1_242' title='bbox 1794 1295 1826 3120; x_wconf 95' lang='lat' dir='ltr'><strong>   </strong></span> 
     </span>
    </p>
   </div>
   <div class='ocr_carea' id='block_1_5' title="bbox 1801 1243 1820 1278">
    <p class='ocr_par' dir='ltr' id='par_1_5' title="bbox 1801 1243 1820 1278">
     <span class='ocr_line' id='line_1_27' title="bbox 1801 1243 1820 1278; baseline 0 0"><span class='ocrx_word' id='word_1_243' title='bbox 1801 1243 1820 1278; x_wconf 80' lang='lat'>1</span> 
     </span>
    </p>
   </div>
   <div class='ocr_carea' id='block_1_6' title="bbox 329 1922 1817 2825">
    <p class='ocr_par' dir='ltr' id='par_1_6' title="bbox 329 1922 1817 2825">
     <span class='ocr_line' id='line_1_28' title="bbox 331 1922 1785 1973; baseline 0.006 -18"><span class='ocrx_word' id='word_1_244' title='bbox 331 1926 369 1956; x_wconf 85' lang='lat' dir='ltr'><strong>ut</strong></span> <span class='ocrx_word' id='word_1_245' title='bbox 382 1922 593 1957; x_wconf 74' lang='lat' dir='ltr'><strong>Athanasius</strong></span> <span class='ocrx_word' id='word_1_246' title='bbox 607 1934 754 1968; x_wconf 86' lang='lat' dir='ltr'><strong>magnus</strong></span> <span class='ocrx_word' id='word_1_247' title='bbox 781 1930 902 1959; x_wconf 83' lang='lat' dir='ltr'><strong>contra</strong></span> <span class='ocrx_word' id='word_1_248' title='bbox 925 1926 1076 1961; x_wconf 83' lang='lat' dir='ltr'><strong>Arianos</strong></span> <span class='ocrx_word' id='word_1_249' title='bbox 1094 1927 1253 1962; x_wconf 88' lang='lat' dir='ltr'><strong>scribens</strong></span> <span class='ocrx_word' id='word_1_250' title='bbox 1276 1928 1382 1962; x_wconf 83' lang='lat' dir='ltr'><strong>dicit:</strong></span> <span class='ocrx_word' id='word_1_251' title='bbox 1413 1928 1510 1973; x_wconf 85' lang='lat' dir='ltr'><strong>impii</strong></span> <span class='ocrx_word' id='word_1_252' title='bbox 1532 1939 1604 1962; x_wconf 91' lang='lat' dir='ltr'><strong>non</strong></span> <span class='ocrx_word' id='word_1_253' title='bbox 1630 1934 1785 1964; x_wconf 78' lang='lat' dir='ltr'><strong>statuunt</strong></span> 
     </span>
     <span class='ocr_line' id='line_1_29' title="bbox 332 1969 1784 2021; baseline 0.006 -20"><span class='ocrx_word' id='word_1_254' title='bbox 332 1969 441 2002; x_wconf 84' lang='lat' dir='ltr'><strong>filium</strong></span> <span class='ocrx_word' id='word_1_255' title='bbox 472 1981 550 2004; x_wconf 84' lang='lat' dir='ltr'><strong>esse</strong></span> <span class='ocrx_word' id='word_1_256' title='bbox 564 1971 735 2004; x_wconf 85' lang='lat' dir='ltr'><strong>rationem</strong></span> <span class='ocrx_word' id='word_1_257' title='bbox 754 1977 788 2005; x_wconf 90' lang='lat' dir='ltr'><strong>et</strong></span> <span class='ocrx_word' id='word_1_258' title='bbox 805 1973 1022 2007; x_wconf 87' lang='lat' dir='ltr'><strong>voluntatem</strong></span> <span class='ocrx_word' id='word_1_259' title='bbox 1038 1976 1168 2017; x_wconf 86' lang='lat' dir='ltr'><strong>vivam,</strong></span> <span class='ocrx_word' id='word_1_260' title='bbox 1184 1976 1245 2009; x_wconf 90' lang='lat' dir='ltr'><strong>sed</strong></span> <span class='ocrx_word' id='word_1_261' title='bbox 1264 1977 1299 2009; x_wconf 89' lang='lat' dir='ltr'><strong>in</strong></span> <span class='ocrx_word' id='word_1_262' title='bbox 1315 1976 1381 2009; x_wconf 90' lang='lat' dir='ltr'><strong>deo</strong></span> <span class='ocrx_word' id='word_1_263' title='bbox 1398 1975 1615 2010; x_wconf 82' lang='lat' dir='ltr'><strong>voluntatem</strong></span> <span class='ocrx_word' id='word_1_264' title='bbox 1633 1982 1668 2010; x_wconf 91' lang='lat' dir='ltr'><strong>et</strong></span> <span class='ocrx_word' id='word_1_265' title='bbox 1680 1977 1784 2021; x_wconf 85' lang='lat' dir='ltr'><strong>cogi-</strong></span> 
     </span>
     <span class='ocr_line' id='line_1_30' title="bbox 332 2018 1786 2064; baseline 0.006 -15"><span class='ocrx_word' id='word_1_266' title='bbox 332 2018 501 2050; x_wconf 80' lang='lat' dir='ltr'><strong>tationem</strong></span> <span class='ocrx_word' id='word_1_267' title='bbox 515 2023 550 2050; x_wconf 87' lang='lat' dir='ltr'><strong>et</strong></span> <span class='ocrx_word' id='word_1_268' title='bbox 566 2019 774 2061; x_wconf 80' lang='lat' dir='ltr'><strong>sapientiam</strong></span> <span class='ocrx_word' id='word_1_269' title='bbox 788 2025 951 2064; x_wconf 87' lang='lat' dir='ltr'><strong>tanquam</strong></span> <span class='ocrx_word' id='word_1_270' title='bbox 966 2020 1121 2055; x_wconf 87' lang='lat' dir='ltr'><strong>habitum</strong></span> <span class='ocrx_word' id='word_1_271' title='bbox 1139 2024 1409 2056; x_wconf 86' lang='lat' dir='ltr'><strong>convenientem</strong></span> <span class='ocrx_word' id='word_1_272' title='bbox 1427 2028 1462 2056; x_wconf 90' lang='lat' dir='ltr'><strong>et</strong></span> <span class='ocrx_word' id='word_1_273' title='bbox 1478 2023 1728 2058; x_wconf 85' lang='lat' dir='ltr'><strong>discedentem.</strong></span> <span class='ocrx_word' id='word_1_274' title='bbox 1750 2028 1786 2058; x_wconf 74' lang='lat' dir='ltr'><strong>et</strong></span> 
     </span>
     <span class='ocr_line' id='line_1_31' title="bbox 331 2063 1784 2114; baseline 0.006 -18"><span class='ocrx_word' id='word_1_275' title='bbox 331 2063 438 2097; x_wconf 79' lang='lat' dir='ltr'><strong>simili</strong></span> <span class='ocrx_word' id='word_1_276' title='bbox 464 2066 601 2097; x_wconf 86' lang='lat' dir='ltr'><strong>ratione</strong></span> <span class='ocrx_word' id='word_1_277' title='bbox 612 2065 763 2100; x_wconf 87' lang='lat' dir='ltr'><strong>Ioannes</strong></span> <span class='ocrx_word' id='word_1_278' title='bbox 778 2068 1017 2101; x_wconf 83' lang='lat' dir='ltr'><strong>Damascenus</strong></span> <span class='ocrx_word' id='word_1_279' title='bbox 1035 2069 1254 2104; x_wconf 87' lang='lat' dir='ltr'><strong>voluntatem</strong></span> <span class='ocrx_word' id='word_1_280' title='bbox 1270 2075 1304 2104; x_wconf 87' lang='lat' dir='ltr'><strong>et</strong></span> <span class='ocrx_word' id='word_1_281' title='bbox 1316 2070 1524 2114; x_wconf 81' lang='lat' dir='ltr'><strong>sapientiam</strong></span> <span class='ocrx_word' id='word_1_282' title='bbox 1540 2075 1575 2103; x_wconf 84' lang='lat' dir='ltr'><strong>et</strong></span> <span class='ocrx_word' id='word_1_283' title='bbox 1587 2071 1658 2104; x_wconf 88' lang='lat' dir='ltr'><strong>vim</strong></span> <span class='ocrx_word' id='word_1_284' title='bbox 1672 2071 1784 2104; x_wconf 81' lang='lat' dir='ltr'><strong>filium</strong></span> 
     </span>
     <span class='ocr_line' id='line_1_32' title="bbox 333 2111 1784 2162; baseline 0.006 -20"><span class='ocrx_word' id='word_1_285' title='bbox 333 2121 412 2143; x_wconf 88' lang='lat' dir='ltr'><strong>esse</strong></span> <span class='ocrx_word' id='word_1_286' title='bbox 438 2111 524 2144; x_wconf 90' lang='lat' dir='ltr'><strong>dicit</strong></span> <span class='ocrx_word' id='word_1_287' title='bbox 548 2113 669 2155; x_wconf 83' lang='lat' dir='ltr'><strong>patris.</strong></span> <span class='ocrx_word' id='word_1_288' title='bbox 693 2123 765 2147; x_wconf 90' lang='lat' dir='ltr'><strong>non</strong></span> <span class='ocrx_word' id='word_1_289' title='bbox 782 2115 874 2148; x_wconf 89' lang='lat' dir='ltr'><strong>enim</strong></span> <span class='ocrx_word' id='word_1_290' title='bbox 899 2125 1082 2159; x_wconf 89' lang='lat' dir='ltr'><strong>possumus</strong></span> <span class='ocrx_word' id='word_1_291' title='bbox 1101 2117 1367 2160; x_wconf 82' lang='lat' dir='ltr'><strong>praedicarede</strong></span> <span class='ocrx_word' id='word_1_292' title='bbox 1387 2116 1453 2150; x_wconf 91' lang='lat' dir='ltr'><strong>deo</strong></span> <span class='ocrx_word' id='word_1_293' title='bbox 1479 2117 1683 2162; x_wconf 73' lang='lat' dir='ltr'><strong>qualitatem</strong></span> <span class='ocrx_word' id='word_1_294' title='bbox 1698 2142 1709 2160; x_wconf 91' lang='lat'>,</span> <span class='ocrx_word' id='word_1_295' title='bbox 1736 2127 1784 2150; x_wconf 87' lang='lat' dir='ltr'><strong>ne</strong></span> 
     </span>
     <span class='ocr_line' id='line_1_33' title="bbox 332 2154 1780 2208; baseline 0.006 -19"><span class='ocrx_word' id='word_1_296' title='bbox 332 2159 563 2201; x_wconf 90' lang='lat' dir='ltr'><strong>compositum</strong></span> <span class='ocrx_word' id='word_1_297' title='bbox 591 2170 667 2192; x_wconf 86' lang='lat' dir='ltr'><strong>eum</strong></span> <span class='ocrx_word' id='word_1_298' title='bbox 700 2161 871 2205; x_wconf 83' lang='lat' dir='ltr'><strong>fingamus</strong></span> <span class='ocrx_word' id='word_1_299' title='bbox 900 2173 943 2196; x_wconf 83' lang='lat' dir='ltr'><strong>ex</strong></span> <span class='ocrx_word' id='word_1_300' title='bbox 971 2164 1124 2196; x_wconf 85' lang='lat' dir='ltr'><strong>essentia</strong></span> <span class='ocrx_word' id='word_1_301' title='bbox 1149 2169 1184 2197; x_wconf 89' lang='lat' dir='ltr'><strong>et</strong></span> <span class='ocrx_word' id='word_1_302' title='bbox 1212 2154 1393 2208; x_wconf 58' lang='lat' dir='ltr'><strong>qualitate.</strong></span> <span class='ocrx_word' id='word_1_303' title='bbox 1423 2169 1458 2197; x_wconf 90' lang='lat' dir='ltr'><strong>et</strong></span> <span class='ocrx_word' id='word_1_304' title='bbox 1481 2169 1667 2208; x_wconf 83' lang='lat' dir='ltr'><strong>praeterea</strong></span> <span class='ocrx_word' id='word_1_305' title='bbox 1688 2164 1780 2199; x_wconf 81' lang='lat' dir='ltr'><strong>Gre-</strong></span> 
     </span>
     <span class='ocr_line' id='line_1_34' title="bbox 332 2205 1783 2254; baseline 0.006 -18"><span class='ocrx_word' id='word_1_306' title='bbox 332 2205 452 2249; x_wconf 81' lang='lat' dir='ltr'><strong>gorius</strong></span> <span class='ocrx_word' id='word_1_307' title='bbox 481 2205 658 2248; x_wconf 79' lang='lat' dir='ltr'><strong>Nyssaeus</strong></span> <span class='ocrx_word' id='word_1_308' title='bbox 684 2207 791 2242; x_wconf 86' lang='lat' dir='ltr'><strong>dicit:</strong></span> <span class='ocrx_word' id='word_1_309' title='bbox 825 2219 864 2242; x_wconf 87' lang='lat' dir='ltr'><strong>re</strong></span> <span class='ocrx_word' id='word_1_310' title='bbox 902 2220 987 2243; x_wconf 85' lang='lat' dir='ltr'><strong>vera</strong></span> <span class='ocrx_word' id='word_1_311' title='bbox 1021 2211 1227 2254; x_wconf 82' lang='lat' dir='ltr'><strong>sapientiam</strong></span> <span class='ocrx_word' id='word_1_312' title='bbox 1261 2216 1295 2244; x_wconf 87' lang='lat' dir='ltr'><strong>et</strong></span> <span class='ocrx_word' id='word_1_313' title='bbox 1320 2211 1539 2245; x_wconf 86' lang='lat' dir='ltr'><strong>voluntatem</strong></span> <span class='ocrx_word' id='word_1_314' title='bbox 1575 2211 1664 2245; x_wconf 87' lang='lat' dir='ltr'><strong>nihil</strong></span> <span class='ocrx_word' id='word_1_315' title='bbox 1705 2221 1783 2245; x_wconf 86' lang='lat' dir='ltr'><strong>esse</strong></span> 
     </span>
     <span class='ocr_line' id='line_1_35' title="bbox 332 2254 1783 2304; baseline 0.006 -21"><span class='ocrx_word' id='word_1_316' title='bbox 332 2262 434 2295; x_wconf 88' lang='lat' dir='ltr'><strong>quam</strong></span> <span class='ocrx_word' id='word_1_317' title='bbox 475 2254 704 2297; x_wconf 87' lang='lat' dir='ltr'><strong>sapientiam,</strong></span> <span class='ocrx_word' id='word_1_318' title='bbox 739 2256 944 2290; x_wconf 87' lang='lat' dir='ltr'><strong>universum</strong></span> <span class='ocrx_word' id='word_1_319' title='bbox 981 2259 1291 2301; x_wconf 82' lang='lat' dir='ltr'><strong>praemeditatam,</strong></span> <span class='ocrx_word' id='word_1_320' title='bbox 1332 2259 1368 2298; x_wconf 78' lang='lat' dir='ltr'><strong>in</strong></span> <span class='ocrx_word' id='word_1_321' title='bbox 1397 2269 1465 2304; x_wconf 89' lang='lat' dir='ltr'><strong>qua</strong></span> <span class='ocrx_word' id='word_1_322' title='bbox 1498 2260 1667 2294; x_wconf 84' lang='lat' dir='ltr'><strong>universa</strong></span> <span class='ocrx_word' id='word_1_323' title='bbox 1691 2258 1783 2292; x_wconf 78' lang='lat' dir='ltr'><strong>facta</strong></span> 
     </span>
     <span class='ocr_line' id='line_1_36' title="bbox 331 2300 1783 2350; baseline 0.005 -19"><span class='ocrx_word' id='word_1_324' title='bbox 331 2300 401 2332; x_wconf 89' lang='lat' dir='ltr'><strong>sint</strong></span> <span class='ocrx_word' id='word_1_325' title='bbox 428 2303 462 2332; x_wconf 89' lang='lat' dir='ltr'><strong>et</strong></span> <span class='ocrx_word' id='word_1_326' title='bbox 487 2300 666 2334; x_wconf 86' lang='lat' dir='ltr'><strong>adornata.</strong></span> <span class='ocrx_word' id='word_1_327' title='bbox 717 2301 875 2337; x_wconf 85' lang='lat' dir='ltr'><strong>Christus</strong></span> <span class='ocrx_word' id='word_1_328' title='bbox 903 2305 994 2337; x_wconf 89' lang='lat' dir='ltr'><strong>enim</strong></span> <span class='ocrx_word' id='word_1_329' title='bbox 1032 2304 1088 2338; x_wconf 90' lang='lat' dir='ltr'><strong>dei</strong></span> <span class='ocrx_word' id='word_1_330' title='bbox 1114 2311 1168 2339; x_wconf 89' lang='lat' dir='ltr'><strong>est</strong></span> <span class='ocrx_word' id='word_1_331' title='bbox 1195 2305 1250 2339; x_wconf 88' lang='lat' dir='ltr'><strong>vis</strong></span> <span class='ocrx_word' id='word_1_332' title='bbox 1289 2311 1323 2339; x_wconf 89' lang='lat' dir='ltr'><strong>et</strong></span> <span class='ocrx_word' id='word_1_333' title='bbox 1346 2305 1401 2339; x_wconf 90' lang='lat' dir='ltr'><strong>dei</strong></span> <span class='ocrx_word' id='word_1_334' title='bbox 1444 2306 1629 2349; x_wconf 85' lang='lat' dir='ltr'><strong>sapientia.</strong></span> <span class='ocrx_word' id='word_1_335' title='bbox 1678 2311 1783 2350; x_wconf 84' lang='lat' dir='ltr'><strong>atque</strong></span> 
     </span>
     <span class='ocr_line' id='line_1_37' title="bbox 332 2345 1817 2397; baseline 0.005 -20"><span class='ocrx_word' id='word_1_336' title='bbox 332 2345 400 2378; x_wconf 92' lang='lat' dir='ltr'><strong>hoc</strong></span> <span class='ocrx_word' id='word_1_337' title='bbox 427 2347 567 2390; x_wconf 90' lang='lat' dir='ltr'><strong>quidem</strong></span> <span class='ocrx_word' id='word_1_338' title='bbox 597 2349 751 2382; x_wconf 82' lang='lat' dir='ltr'><strong>sufficiat</strong></span> <span class='ocrx_word' id='word_1_339' title='bbox 775 2350 818 2383; x_wconf 88' lang='lat' dir='ltr'><strong>de</strong></span> <span class='ocrx_word' id='word_1_340' title='bbox 844 2361 900 2393; x_wconf 90' lang='lat' dir='ltr'><strong>eo,</strong></span> <span class='ocrx_word' id='word_1_341' title='bbox 929 2351 1021 2395; x_wconf 92' lang='lat' dir='ltr'><strong>quod</strong></span> <span class='ocrx_word' id='word_1_342' title='bbox 1046 2352 1136 2385; x_wconf 93' lang='lat' dir='ltr'><strong>idem</strong></span> <span class='ocrx_word' id='word_1_343' title='bbox 1167 2357 1220 2386; x_wconf 85' lang='lat' dir='ltr'><strong>est</strong></span> <span class='ocrx_word' id='word_1_344' title='bbox 1254 2363 1297 2386; x_wconf 88' lang='lat' dir='ltr'><strong>ex</strong></span> <span class='ocrx_word' id='word_1_345' title='bbox 1324 2350 1589 2397; x_wconf 68' lang='lat' dir='ltr'><strong>significatione</strong></span> <span class='ocrx_word' id='word_1_346' title='bbox 1617 2353 1782 2394; x_wconf 79' lang='lat' dir='ltr'><strong>essentia,</strong></span> <span class='ocrx_word' id='word_1_347' title='bbox 1816 2378 1817 2381; x_wconf 18' lang='grc' dir='ltr'><strong><em>η</em></strong></span> 
     </span>
     <span class='ocr_line' id='line_1_38' title="bbox 332 2393 1800 2443; baseline 0.005 -18"><span class='ocrx_word' id='word_1_348' title='bbox 332 2393 386 2426; x_wconf 84' lang='lat' dir='ltr'><strong>vis</strong></span> <span class='ocrx_word' id='word_1_349' title='bbox 414 2398 450 2426; x_wconf 87' lang='lat' dir='ltr'><strong>et</strong></span> <span class='ocrx_word' id='word_1_350' title='bbox 482 2393 646 2428; x_wconf 76' lang='lat' dir='ltr'><strong>voluntas</strong></span> <span class='ocrx_word' id='word_1_351' title='bbox 689 2402 724 2430; x_wconf 90' lang='lat' dir='ltr'><strong>et</strong></span> <span class='ocrx_word' id='word_1_352' title='bbox 754 2398 941 2441; x_wconf 87' lang='lat' dir='ltr'><strong>sapientia.</strong></span> <span class='ocrx_word' id='word_1_353' title='bbox 993 2409 1037 2432; x_wconf 89' lang='lat' dir='ltr'><strong>ex</strong></span> <span class='ocrx_word' id='word_1_354' title='bbox 1063 2398 1143 2432; x_wconf 84' lang='lat' dir='ltr'><strong>aliis</strong></span> <span class='ocrx_word' id='word_1_355' title='bbox 1177 2400 1373 2443; x_wconf 84' lang='lat' dir='ltr'><strong>reperimus</strong></span> <span class='ocrx_word' id='word_1_356' title='bbox 1398 2401 1573 2434; x_wconf 86' lang='lat' dir='ltr'><strong>dicentem</strong></span> <span class='ocrx_word' id='word_1_357' title='bbox 1597 2400 1800 2437; x_wconf 74' lang='lat' dir='ltr'><strong>Maximum,</strong></span> 
     </span>
     <span class='ocr_line' id='line_1_39' title="bbox 332 2440 1803 2492; baseline 0.006 -20"><span class='ocrx_word' id='word_1_358' title='bbox 332 2440 508 2474; x_wconf 83' lang='lat' dir='ltr'><strong>divinum:</strong></span> <span class='ocrx_word' id='word_1_359' title='bbox 550 2441 738 2476; x_wconf 83' lang='lat' dir='ltr'><strong>consilium</strong></span> <span class='ocrx_word' id='word_1_360' title='bbox 777 2449 811 2477; x_wconf 85' lang='lat' dir='ltr'><strong>et</strong></span> <span class='ocrx_word' id='word_1_361' title='bbox 849 2444 1012 2479; x_wconf 86' lang='lat' dir='ltr'><strong>voluntas</strong></span> <span class='ocrx_word' id='word_1_362' title='bbox 1050 2455 1121 2479; x_wconf 91' lang='lat' dir='ltr'><strong>non</strong></span> <span class='ocrx_word' id='word_1_363' title='bbox 1156 2452 1237 2480; x_wconf 87' lang='lat' dir='ltr'><strong>sunt</strong></span> <span class='ocrx_word' id='word_1_364' title='bbox 1261 2447 1353 2480; x_wconf 88' lang='lat' dir='ltr'><strong>idem</strong></span> <span class='ocrx_word' id='word_1_365' title='bbox 1386 2453 1492 2492; x_wconf 87' lang='lat' dir='ltr'><strong>atque</strong></span> <span class='ocrx_word' id='word_1_366' title='bbox 1524 2447 1678 2481; x_wconf 84' lang='lat' dir='ltr'><strong>essentia</strong></span> <span class='ocrx_word' id='word_1_367' title='bbox 1704 2446 1803 2488; x_wconf 49' lang='grc' dir='ltr'><strong>(ἱεὶςἶ</strong></span> 
     </span>
     <span class='ocr_line' id='line_1_40' title="bbox 332 2486 1782 2539; baseline 0.003 -20"><span class='ocrx_word' id='word_1_368' title='bbox 332 2486 498 2521; x_wconf 79' lang='lat' dir='ltr'><strong>voluntas</strong></span> <span class='ocrx_word' id='word_1_369' title='bbox 526 2489 616 2522; x_wconf 90' lang='lat' dir='ltr'><strong>enim</strong></span> <span class='ocrx_word' id='word_1_370' title='bbox 645 2494 679 2523; x_wconf 87' lang='lat' dir='ltr'><strong>et</strong></span> <span class='ocrx_word' id='word_1_371' title='bbox 704 2491 830 2534; x_wconf 88' lang='lat' dir='ltr'><strong>incipit</strong></span> <span class='ocrx_word' id='word_1_372' title='bbox 856 2497 891 2524; x_wconf 92' lang='lat' dir='ltr'><strong>et</strong></span> <span class='ocrx_word' id='word_1_373' title='bbox 914 2492 1064 2534; x_wconf 87' lang='lat' dir='ltr'><strong>desinit,</strong></span> <span class='ocrx_word' id='word_1_374' title='bbox 1101 2494 1255 2527; x_wconf 81' lang='lat' dir='ltr'><strong>essentia</strong></span> <span class='ocrx_word' id='word_1_375' title='bbox 1280 2499 1397 2527; x_wconf 87' lang='lat' dir='ltr'><strong>autem</strong></span> <span class='ocrx_word' id='word_1_376' title='bbox 1421 2505 1538 2539; x_wconf 90' lang='lat' dir='ltr'><strong>neque</strong></span> <span class='ocrx_word' id='word_1_377' title='bbox 1564 2494 1690 2538; x_wconf 86' lang='lat' dir='ltr'><strong>incipit</strong></span> <span class='ocrx_word' id='word_1_378' title='bbox 1712 2503 1782 2527; x_wconf 88' lang='lat' dir='ltr'><strong>ne..</strong></span> 
     </span>
     <span class='ocr_line' id='line_1_41' title="bbox 332 2535 1781 2586; baseline 0.004 -20"><span class='ocrx_word' id='word_1_379' title='bbox 332 2544 402 2578; x_wconf 85' lang='lat' dir='ltr'><strong>que</strong></span> <span class='ocrx_word' id='word_1_380' title='bbox 428 2535 570 2577; x_wconf 89' lang='lat' dir='ltr'><strong>desinit,</strong></span> <span class='ocrx_word' id='word_1_381' title='bbox 598 2537 690 2580; x_wconf 93' lang='lat' dir='ltr'><strong>quod</strong></span> <span class='ocrx_word' id='word_1_382' title='bbox 715 2543 830 2571; x_wconf 88' lang='lat' dir='ltr'><strong>autem</strong></span> <span class='ocrx_word' id='word_1_383' title='bbox 857 2539 983 2583; x_wconf 89' lang='lat' dir='ltr'><strong>incipit</strong></span> <span class='ocrx_word' id='word_1_384' title='bbox 1011 2545 1045 2572; x_wconf 88' lang='lat' dir='ltr'><strong>et</strong></span> <span class='ocrx_word' id='word_1_385' title='bbox 1070 2540 1212 2582; x_wconf 84' lang='lat' dir='ltr'><strong>desinit,</strong></span> <span class='ocrx_word' id='word_1_386' title='bbox 1240 2551 1317 2574; x_wconf 91' lang='lat' dir='ltr'><strong>cum</strong></span> <span class='ocrx_word' id='word_1_387' title='bbox 1345 2551 1401 2584; x_wconf 92' lang='lat' dir='ltr'><strong>eo,</strong></span> <span class='ocrx_word' id='word_1_388' title='bbox 1427 2542 1520 2586; x_wconf 91' lang='lat' dir='ltr'><strong>quod</strong></span> <span class='ocrx_word' id='word_1_389' title='bbox 1543 2551 1661 2586; x_wconf 85' lang='lat' dir='ltr'><strong>neque</strong></span> <span class='ocrx_word' id='word_1_390' title='bbox 1686 2539 1781 2574; x_wconf 88' lang='lat' dir='ltr'><strong>inci..</strong></span> 
     </span>
     <span class='ocr_line' id='line_1_42' title="bbox 332 2582 1782 2630; baseline 0.005 -17"><span class='ocrx_word' id='word_1_391' title='bbox 332 2582 382 2624; x_wconf 88' lang='lat' dir='ltr'><strong>pit</strong></span> <span class='ocrx_word' id='word_1_392' title='bbox 409 2592 527 2627; x_wconf 89' lang='lat' dir='ltr'><strong>neque</strong></span> <span class='ocrx_word' id='word_1_393' title='bbox 553 2583 693 2625; x_wconf 87' lang='lat' dir='ltr'><strong>desinit,</strong></span> <span class='ocrx_word' id='word_1_394' title='bbox 720 2585 811 2618; x_wconf 89' lang='lat' dir='ltr'><strong>idem</strong></span> <span class='ocrx_word' id='word_1_395' title='bbox 852 2596 932 2620; x_wconf 89' lang='lat' dir='ltr'><strong>esse</strong></span> <span class='ocrx_word' id='word_1_396' title='bbox 957 2596 1027 2620; x_wconf 86' lang='lat' dir='ltr'><strong>non</strong></span> <span class='ocrx_word' id='word_1_397' title='bbox 1054 2592 1181 2630; x_wconf 88' lang='lat' dir='ltr'><strong>potest.</strong></span> <span class='ocrx_word' id='word_1_398' title='bbox 1234 2589 1362 2621; x_wconf 87' lang='lat' dir='ltr'><strong>etenim</strong></span> <span class='ocrx_word' id='word_1_399' title='bbox 1389 2590 1419 2622; x_wconf 90' lang='lat' dir='ltr'><strong>si</strong></span> <span class='ocrx_word' id='word_1_400' title='bbox 1457 2589 1548 2622; x_wconf 88' lang='lat' dir='ltr'><strong>idem</strong></span> <span class='ocrx_word' id='word_1_401' title='bbox 1583 2593 1677 2622; x_wconf 83' lang='lat' dir='ltr'><strong>esset</strong></span> <span class='ocrx_word' id='word_1_402' title='bbox 1704 2597 1782 2626; x_wconf 85' lang='lat' dir='ltr'><strong>cum</strong></span> 
     </span>
     <span class='ocr_line' id='line_1_43' title="bbox 333 2629 1783 2678; baseline 0.006 -18"><span class='ocrx_word' id='word_1_403' title='bbox 333 2629 487 2661; x_wconf 88' lang='lat' dir='ltr'><strong>essentia</strong></span> <span class='ocrx_word' id='word_1_404' title='bbox 511 2630 567 2662; x_wconf 90' lang='lat' dir='ltr'><strong>dei</strong></span> <span class='ocrx_word' id='word_1_405' title='bbox 592 2630 770 2673; x_wconf 87' lang='lat' dir='ltr'><strong>voluntas,</strong></span> <span class='ocrx_word' id='word_1_406' title='bbox 797 2638 978 2676; x_wconf 87' lang='lat' dir='ltr'><strong>oporteret</strong></span> <span class='ocrx_word' id='word_1_407' title='bbox 1004 2644 1080 2667; x_wconf 90' lang='lat' dir='ltr'><strong>cum</strong></span> <span class='ocrx_word' id='word_1_408' title='bbox 1104 2644 1173 2667; x_wconf 88' lang='lat' dir='ltr'><strong>una</strong></span> <span class='ocrx_word' id='word_1_409' title='bbox 1198 2635 1243 2668; x_wconf 88' lang='lat' dir='ltr'><strong>sit</strong></span> <span class='ocrx_word' id='word_1_410' title='bbox 1259 2636 1425 2678; x_wconf 87' lang='lat' dir='ltr'><strong>essentia,</strong></span> <span class='ocrx_word' id='word_1_411' title='bbox 1453 2645 1555 2669; x_wconf 89' lang='lat' dir='ltr'><strong>unam</strong></span> <span class='ocrx_word' id='word_1_412' title='bbox 1575 2646 1654 2669; x_wconf 84' lang='lat' dir='ltr'><strong>esse</strong></span> <span class='ocrx_word' id='word_1_413' title='bbox 1679 2634 1783 2668; x_wconf 86' lang='lat' dir='ltr'><strong>etiam</strong></span> 
     </span>
     <span class='ocr_line' id='line_1_44' title="bbox 333 2674 1782 2727; baseline 0.006 -20"><span class='ocrx_word' id='word_1_414' title='bbox 333 2674 564 2709; x_wconf 87' lang='lat' dir='ltr'><strong>voluntatem.</strong></span> <span class='ocrx_word' id='word_1_415' title='bbox 616 2677 677 2710; x_wconf 89' lang='lat' dir='ltr'><strong>sed</strong></span> <span class='ocrx_word' id='word_1_416' title='bbox 704 2680 898 2723; x_wconf 86' lang='lat' dir='ltr'><strong>scriptura,</strong></span> <span class='ocrx_word' id='word_1_417' title='bbox 938 2681 1066 2722; x_wconf 86' lang='lat' dir='ltr'><strong>omnia,</strong></span> <span class='ocrx_word' id='word_1_418' title='bbox 1107 2681 1241 2726; x_wconf 86' lang='lat' dir='ltr'><strong>inquit,</strong></span> <span class='ocrx_word' id='word_1_419' title='bbox 1267 2692 1498 2727; x_wconf 88' lang='lat' dir='ltr'><strong>quaecunque</strong></span> <span class='ocrx_word' id='word_1_420' title='bbox 1524 2681 1650 2724; x_wconf 81' lang='lat' dir='ltr'><strong>voluit,</strong></span> <span class='ocrx_word' id='word_1_421' title='bbox 1679 2681 1782 2726; x_wconf 75' lang='lat' dir='ltr'><strong>crea-</strong></span> 
     </span>
     <span class='ocr_line' id='line_1_45' title="bbox 331 2722 1783 2772; baseline 0.006 -18"><span class='ocrx_word' id='word_1_422' title='bbox 331 2722 394 2755; x_wconf 88' lang='lat' dir='ltr'><strong>vit.</strong></span> <span class='ocrx_word' id='word_1_423' title='bbox 429 2722 538 2756; x_wconf 87' lang='lat' dir='ltr'><strong>multa</strong></span> <span class='ocrx_word' id='word_1_424' title='bbox 563 2723 673 2766; x_wconf 86' lang='lat' dir='ltr'><strong>igitur</strong></span> <span class='ocrx_word' id='word_1_425' title='bbox 698 2725 826 2768; x_wconf 87' lang='lat' dir='ltr'><strong>voluit,</strong></span> <span class='ocrx_word' id='word_1_426' title='bbox 850 2737 966 2772; x_wconf 89' lang='lat' dir='ltr'><strong>neque</strong></span> <span class='ocrx_word' id='word_1_427' title='bbox 993 2737 1079 2761; x_wconf 86' lang='lat' dir='ltr'><strong>vero</strong></span> <span class='ocrx_word' id='word_1_428' title='bbox 1106 2739 1224 2761; x_wconf 90' lang='lat' dir='ltr'><strong>unum.</strong></span> <span class='ocrx_word' id='word_1_429' title='bbox 1272 2734 1307 2762; x_wconf 88' lang='lat' dir='ltr'><strong>et</strong></span> <span class='ocrx_word' id='word_1_430' title='bbox 1332 2730 1438 2764; x_wconf 82' lang='lat' dir='ltr'><strong>simili</strong></span> <span class='ocrx_word' id='word_1_431' title='bbox 1462 2730 1600 2764; x_wconf 82' lang='lat' dir='ltr'><strong>ratione</strong></span> <span class='ocrx_word' id='word_1_432' title='bbox 1625 2727 1783 2772; x_wconf 74' lang='lat' dir='ltr'><strong>cyrillus</strong></span> 
     </span>
     <span class='ocr_line' id='line_1_46' title="bbox 329 2768 1784 2825; baseline 0.005 -20"><span class='ocrx_word' id='word_1_433' title='bbox 329 2768 492 2818; x_wconf 75' lang='lat' dir='ltr'><strong>divinus,</strong></span> <span class='ocrx_word' id='word_1_434' title='bbox 527 2769 717 2817; x_wconf 83' lang='lat' dir='ltr'><strong>voluntas,</strong></span> <span class='ocrx_word' id='word_1_435' title='bbox 743 2773 886 2822; x_wconf 81' lang='lat' dir='ltr'><strong>inquit,</strong></span> <span class='ocrx_word' id='word_1_436' title='bbox 921 2775 1023 2810; x_wconf 87' lang='lat' dir='ltr'><strong>unius</strong></span> <span class='ocrx_word' id='word_1_437' title='bbox 1047 2776 1326 2822; x_wconf 84' lang='lat' dir='ltr'><strong>nominatorum,</strong></span> <span class='ocrx_word' id='word_1_438' title='bbox 1360 2778 1470 2825; x_wconf 82' lang='lat' dir='ltr'><strong>patris</strong></span> <span class='ocrx_word' id='word_1_439' title='bbox 1495 2778 1574 2814; x_wconf 86' lang='lat' dir='ltr'><strong>dico</strong></span> <span class='ocrx_word' id='word_1_440' title='bbox 1601 2781 1637 2815; x_wconf 82' lang='lat' dir='ltr'><strong>et</strong></span> <span class='ocrx_word' id='word_1_441' title='bbox 1659 2776 1724 2813; x_wconf 82' lang='lat' dir='ltr'><strong>filii</strong></span> <span class='ocrx_word' id='word_1_442' title='bbox 1749 2777 1784 2812; x_wconf 79' lang='lat' dir='ltr'><strong>et</strong></span> 
     </span>
    </p>
   </div>
  </div>
 </body>
</html>
