1826 3120
259 156 357 211 246
664 167 975 219 memnoni
1001 166 1304 218 Gnaeoaffl

257 275 378 323 θείας
408 274 559 330 ψήφου
593 274 665 318 καί
694 276 764 329 τῆς
805 276 948 317 αὐτῶν
975 274 1225 329 καταδίκης·
1303 274 1426 316 αὐτοὶ
1453 275 1531 326 μὲν
1559 271 1643 328 γὰρ
1670 273 1715 316 ἐν

254 340 513 398 παραβύστῳ
535 342 605 385 καί
630 345 801 396 γωνίαις
830 343 1073 395 ἐρριμμένοι
1111 338 1244 395 πάσης
1276 335 1390 390 ἄξιον
1419 335 1583 394 ὕβρεως
1610 336 1712 382 ἀνύ-

86 403 240 443 12125v.
255 421 350 449 ουσι
379 410 472 460 βίον
501 407 574 453 καί
603 410 694 452 λίαν
726 408 1034 463 η’χρειωμένον,
1067 406 1165 462 ἡμῖν
1197 409 1242 450 δὲ
1271 408 1511 467 παρρησίαν
1541 406 1714 451 δίδωσιν

255 473 274 516 ὁ
303 472 419 528 θεός,
448 476 528 517 καῖ’
546 475 829 528 σεμνύνεσθαι
849 472 898 517 τά
920 490 960 517 τε
990 472 1115 528 ἄλλα,
1139 474 1211 516 καί
1236 473 1421 527 μάλιστα
1451 474 1502 532 τῇ
1523 476 1600 525 τοῦ
1629 490 1714 517 πα-

166 556 240 591 ⁸4
254 539 395 595 ρόντος
429 541 497 583 διὰ
525 541 697 595 μακρῶν
728 536 807 597 ἤδη
831 544 913 588 τῶν
946 542 1152 597 χρονικῶν
1166 539 1382 595 -περιόδων
1402 540 1565 596 εὑρέσει
1591 541 1747 591 θείους)

129 614 132 617 ’
252 603 497 660 λειψάνου.”
554 611 690 651 ταῦτα
722 608 772 662 δὴ
806 611 877 651 καί
907 611 1036 654 πλείω
1076 608 1124 665 tq}
1155 606 1431 662 παραπλήσια
1477 608 1712 662 διεξεληλυ-

251 675 354 728 θως,
384 675 576 717 ἐκέλευσε
605 681 697 725 ταῖς
727 674 1013 728 μοναζούσαις
1044 674 1195 731 ὀλίγων
1224 672 1340 723 ἐντὸς
1379 673 1548 728 ἡμερῶν
1575 674 1625 729 τῇ
1656 674 1712 730 τῷ

253 738 356 796 ἁγίῳ
387 740 527 798 ἐκείνῳ
557 741 743 800 λειψάνῳ
773 739 1037 799 ἁρμοττούσῃ
1068 743 1249 784 ἐνθεῖναι
1279 739 1388 798 θήκῃ
1432 737 1538 783 κατὰ
1568 737 1638 783 τὸν
1668 741 1712 782 ἐν

251 811 336 855 τοῖς
372 808 442 860 τῆς
485 810 616 862 μονῆς
671 811 947 862 προπυλαίοις
991 810 1471 864 προπαρεσκευασμένον
1500 805 1713 860 οἰκίσκον,

252 868 430 916 κᾶπειτα
458 870 552 929 ἑξῆς
572 872 791 928 ἑτοιμάσαι
815 878 886 918 καί
908 868 993 920 ὅσα
1011 874 1114 929 πρὸς
1143 872 1412 929 α’παρτισμὸν
1431 869 1713 928 ἐνθρονισμοῦ
1727 883 1770 920 10

252 943 468 994 συντελεῖ,
508 939 704 995 βρώσιμά
734 957 777 984 τε
822 943 922 996 πρὸς
971 941 1132 992 τούτοις
1175 943 1244 983 καί
1287 940 1448 993 πόσιμα
1493 935 1570 982 ὅσα
1607 937 1712 992 πρὸς

252 1004 469 1061 ὑποδοχὴν
499 1009 668 1062 α’ρκέσει
698 1011 756 1066 τῷ
774 1025 817 1051 τε
844 1010 915 1064 τῆς
934 1011 1153 1063 ἐκκλησίας
1183 1005 1332 1050 ἅπαντι
1349 1004 1487 1064 κλήρῳ
1516 1004 1589 1053 καὶ
1617 1002 1709 1047 ὅσοι

252 1074 334 1114 τῶν
364 1071 600 1116 ἐπισκόπων
630 1077 703 1118 καί
728 1078 1021 1130 πρεσβυτέρων
1049 1078 1121 1117 καί
1137 1075 1293 1119 λαϊκῶν
1323 1074 1561 1120 έπείσακτοι
1589 1069 1712 1117 ἔσον-

256 1156 354 1192 ται,
389 1135 479 1193 ἅμα
521 1140 636 1199 αότῷ
672 1140 745 1197 τήν
778 1139 1019 1197 ἱερουργίαν
1057 1144 1303 1191 τελέσαντες.
1371 1142 1443 1182 καί
1472 1143 1603 1185 ταῦτα
1630 1139 1710 1191 μὲν

254 1207 355 1263 τῇδέ
384 1223 439 1262 πῃ
479 1207 740 1264 κεχώρηκεν,
775 1204 870 1261 ἄρτι
904 1210 949 1250 δὲ
975 1210 1045 1261 τῆς
1088 1207 1247 1262 ἡμέρας
1277 1204 1477 1261 ἐνστάσὴς
1506 1207 1551 1248 ἐν
1581 1199 1607 1262 ᾗ
1636 1203 1710 1258 τήν
1725 1214 1766 1249 15

252 1269 480 1326 ὑστεραίαν
516 1272 602 1315 ἔδει
643 1273 692 1316 τὰ
737 1278 810 1329 τῆς
841 1273 1079 1329 ἱερουργίας
1107 1277 1347 1326 τελεῖσθαι,
1388 1270 1525 1314 πάντα
1555 1274 1633 1325 μὲν
1659 1265 1710 1326 ἦν

252 1343 346 1386 ταῖς
369 1336 651 1390 μοναζούσαις
685 1343 865 1390 ἐκείναις
889 1341 1021 1391 ἕωθεν
1049 1342 1091 1389 ές
1121 1337 1302 1396 ἑσπέραν
1333 1337 1561 1388 πονούσαις
1587 1338 1711 1383 α’νεν-

253 1405 327 1445 δεᾶ
361 1404 410 1446 τὰ
443 1408 512 1460 τῆς
538 1406 710 1460 χρείας,
747 1408 802 1464 τῷ
833 1410 878 1450 δὲ
907 1405 1010 1465 ἁγίῳ
1053 1407 1124 1450 καί
1150 1408 1205 1465 τῷ
1231 1408 1306 1448 τοῦ
1332 1405 1454 1459 ἁγίου
1483 1405 1592 1462 μόνῳ
1623 1405 1708 1460 θεῷ

254 1470 517 1513 παντάπασιν
559 1471 800 1517 ἀνένδεκτόν
829 1489 873 1515 τε
920 1475 993 1519 καί
1033 1471 1186 1529 ἥκιστα
1219 1472 1401 1529 ἶοίνεκτόν
1440 1470 1513 1514 ὑπ’
1543 1471 1709 1523 ἀνδρῶν

250 1540 470 1580 πολυθέων
513 1542 587 1582 καί
628 1536 738 1582 οὕτω
783 1542 1008 1598 δυσσεβείᾳ
1053 1540 1196 1597 μακρᾷ
1230 1541 1369 1589 αὐτῶν
1413 1554 1456 1581 τε
1498 1539 1765 1594 κραταιῷς20

250 1605 461 1658 ἐχομένων
493 1608 567 1648 καί
594 1604 752 1662 ἑτέροις
790 1606 932 1651 αἰτίων
975 1609 1046 1650 dei
1086 1609 1311 1661 γινομένων
1348 1604 1423 1662 τὴν
1453 1602 1708 1661 αὐτουργίαν

251 1807 393 1842 divinae
417 1807 636 1843 substantiae
673 1810 874 1845 summissas
911 1815 1017 1856 atque
1056 1821 1114 1845 eas
1154 1810 1294 1855 quidem
1320 1819 1426 1855 quum
1461 1808 1506 1843 ab
1538 1809 1616 1853 ipsa
1641 1807 1707 1843 hac

251 1859 322 1888 tum
347 1855 441 1888 inter
468 1866 508 1889 se
534 1866 614 1890 esse
641 1857 801 1891 diversas
828 1857 971 1892 veritati
1007 1863 1042 1891 et
1065 1859 1190 1902 pietati
1223 1862 1497 1891 consentaneum
1525 1861 1591 1890 est.
1640 1856 1705 1890 ad..

250 1902 488 1936 versariorum
512 1908 628 1936 autem
653 1904 689 1937 in
709 1914 773 1938 nos
795 1905 957 1938 coniecta
977 1905 1141 1939 convicia
1154 1915 1246 1939 vana
1272 1909 1353 1938 sunt
1367 1909 1402 1937 et
1421 1904 1625 1937 damnanda.
1653 1908 1706 1938 est

249 1949 361 1993 igitur.
389 1948 471 1983 hinc
498 1951 602 1983 etiam
617 1961 689 1984 non
716 1951 867 1985 obscura
891 1953 1097 1997 suffragatio
1117 1953 1237 1986 divina
1265 1957 1301 1985 et
1321 1950 1464 1987 illorum
1489 1951 1704 1984 condemna..

249 1997 324 2029 tio:
360 1996 428 2039 ipsi
455 1997 546 2029 enim
573 1998 608 2030 in
635 1998 794 2033 occultos
820 1998 920 2033 locos
949 2005 984 2032 et
1012 1999 1161 2045 angulos
1194 1999 1324 2033 deiecti
1351 1998 1445 2031 omui
1473 1997 1612 2042 dignam
1638 2008 1704 2031 ex-

249 2042 459 2087 probatione
485 2045 686 2088 transigunt
702 2047 808 2079 vitam
836 2056 875 2079 ac
896 2057 1038 2090 prorsus
1069 2046 1251 2087 inutilem3
1281 2045 1384 2079 nobis
1413 2050 1528 2078 autem
1553 2045 1704 2078 animum

249 2090 345 2123 addit
373 2091 459 2124 deus
484 2093 718 2136 conceditque
749 2099 788 2126 ut
813 2104 916 2138 quum
955 2095 1085 2128 ceteris
1110 2094 1215 2128 rebus
1241 2098 1311 2126 tum
1346 2093 1411 2126 hac
1442 2092 1592 2125 maxime
1616 2102 1703 2136 pos..

249 2137 356 2171 simus
382 2136 548 2181 gloriari,
592 2142 830 2182 praesentium
871 2141 1066 2175 divinarum
1111 2141 1339 2185 reliquiarum
1379 2144 1460 2183 post
1486 2138 1596 2183 longa
1635 2140 1702 2172 iam

248 2190 443 2227 temporum
470 2185 661 2220 intervalla
690 2188 910 2222 inventione.
963 2188 1051 2228 haec
1075 2189 1183 2233 igitur
1209 2188 1333 2231 hisque
1359 2187 1460 2230 plura
1488 2186 1618 2219 similia
1644 2185 1702 2219 lo..

247 2236 349 2264 cutus
377 2231 554 2266 solitarias
579 2233 727 2267 feminas
752 2235 854 2268 iussit
888 2235 981 2269 iutra
1012 2245 1144 2279 paucos
1170 2235 1246 2268 dies
1285 2244 1402 2268 sacras
1427 2233 1509 2266 illas
1532 2232 1702 2278 reliquias

246 2278 283 2311 in
307 2278 510 2312 fabricatam
539 2280 581 2314 ad
606 2281 641 2314 id
675 2287 756 2325 apte
785 2282 908 2315 cistam
941 2283 1123 2327 imponere
1156 2283 1198 2315 in>
1226 2281 1387 2315 aedificio
1421 2280 1514 2325 quod
1550 2280 1586 2313 in
1611 2281 1702 2314 atrio

246 2325 418 2359 domicilii
446 2332 541 2360 esset
567 2333 780 2364 exstructum
808 2335 842 2362 et
868 2335 938 2362 tum
972 2330 1142 2373 deinceps
1168 2329 1270 2363 etiam
1296 2338 1421 2372 parare
1462 2327 1630 2372 quidquid
1659 2328 1702 2361 ad
1734 2355 1741 2361 ,

244 2373 495 2416 perficiendam
521 2374 826 2419 inaugurationem
853 2377 1060 2420 pertineret,
1086 2376 1207 2415 cibum,
1221 2380 1406 2419 praeterea
1430 2385 1472 2407 ac
1496 2375 1703 2419 potum‘qui

245 2419 287 2455 ad
315 2420 559 2463 excipiendum
585 2422 767 2457 sufficeret
789 2424 896 2457 totius
923 2423 1099 2458 ecclesiae
1125 2423 1257 2456 clerum
1281 2432 1321 2456 ac
1349 2422 1594 2465 episcoporum
1619 2422 1701 2466 qui..

245 2476 385 2512 cunque
412 2472 448 2500 et
471 2468 698 2511 profanorum
721 2469 899 2503 hominum
929 2471 1068 2505 invitati
1095 2470 1211 2504 forent
1231 2480 1308 2503 cum
1330 2470 1408 2513 ipso
1434 2478 1534 2502 sacra
1561 2468 1699 2502 facturi.

245 2519 280 2547 et
305 2513 393 2551 haec
431 2515 570 2559 quidem
608 2517 658 2549 ita
693 2517 769 2550 fere
806 2523 1003 2551 cesserunt.
1031 2523 1035 2527 ·
1061 2527 1142 2551 mox
1177 2522 1290 2554 autem
1329 2526 1433 2560 quum
1459 2516 1534 2549 dies
1562 2515 1702 2549 adesset

245 2561 344 2594 cuius
371 2562 543 2604 postridie
569 2563 781 2607 opportebat
823 2575 922 2598 sacra
955 2565 1080 2606 obire,
1106 2566 1222 2598 omnia
1262 2563 1432 2597 solitariis
1469 2561 1543 2596 illis
1575 2562 1658 2596 inde
1681 2574 1703 2597 a

243 2608 414 2641 matutino
440 2618 552 2654 usque
579 2610 620 2643 ad
641 2612 882 2654 vespertinum
908 2617 1047 2655 tempus
1073 2611 1253 2654 occupatis
1277 2620 1368 2655 quae
1394 2619 1482 2652 opus
1509 2614 1608 2644 erant
1635 2610 1701 2643 ab-

244 2655 337 2688 unde
362 2656 653 2698 suppeditabant:
680 2663 800 2691 sancto
827 2663 943 2692 autem
969 2659 1097 2703 cuique
1122 2657 1269 2699 homini,
1295 2657 1479 2701 sanctique
1506 2655 1608 2690 huius
1634 2656 1701 2690 deo

243 2701 348 2734 unico
377 2703 521 2745 prorsus
546 2703 811 2747 improbandum
837 2711 912 2740 erat
937 2716 978 2741 ac
1014 2705 1156 2747 minime
1182 2704 1364 2738 ferendum
1397 2703 1459 2737 has
1485 2713 1542 2737 res
1566 2708 1701 2737 tracta..

243 2752 295 2781 tas
322 2757 399 2785 esse
429 2750 521 2793 ipsis
542 2750 708 2792 manibus
726 2752 884 2788 virorum
912 2753 1056 2792 deorum
1094 2751 1264 2797 quandam
1289 2750 1554 2787 multitudinem·
1573 2749 1701 2787 colen-
