<?xml version="1.0" encoding="UTF-8"?>
<!DOCTYPE html PUBLIC "-//W3C//DTD XHTML 1.0 Transitional//EN"
    "http://www.w3.org/TR/xhtml1/DTD/xhtml1-transitional.dtd">
<html xmlns="http://www.w3.org/1999/xhtml" xml:lang="en" lang="en">
 <head>
  <title>
</title>
<meta http-equiv="Content-Type" content="text/html;charset=utf-8" />
  <meta name='ocr-system' content='tesseract 3.04.00' />
  <meta name='ocr-capabilities' content='ocr_page ocr_carea ocr_par ocr_line ocrx_word'/>
</head>
<body>
  <div class='ocr_page' id='page_1' title='image "./corpusscriptorum40niebuoft_0561.png"; bbox 0 0 1768 3132; ppageno 0'>
   <div class='ocr_carea' id='block_1_1' title="bbox 20 0 1583 241">
    <p class='ocr_par' dir='ltr' id='par_1_1' title="bbox 20 0 1583 241">
     <span class='ocr_line' id='line_1_1' title="bbox 20 0 1583 241; baseline -0.004 -35"><span class='ocrx_word' id='word_1_1' title='bbox 20 0 70 241; x_wconf 56' lang='grc' dir='ltr'>ἔ</span> <span class='ocrx_word' id='word_1_2' title='bbox 206 130 505 205; x_wconf 63' lang='lat' dir='ltr'><strong>msa-olma</strong></span> <span class='ocrx_word' id='word_1_3' title='bbox 534 148 893 204; x_wconf 66' lang='lat' dir='ltr'><strong>mmmmm</strong></span> <span class='ocrx_word' id='word_1_4' title='bbox 916 146 1403 234; x_wconf 47' lang='lat' dir='ltr'><strong>xxxv11436-39,</strong></span> <span class='ocrx_word' id='word_1_5' title='bbox 1486 146 1583 202; x_wconf 77' lang='lat'><strong><em>549</em></strong></span> 
     </span>
    </p>
   </div>
   <div class='ocr_carea' id='block_1_2' title="bbox 15 265 1751 1810">
    <p class='ocr_par' dir='ltr' id='par_1_2' title="bbox 112 265 1583 325">
     <span class='ocr_line' id='line_1_2' title="bbox 112 265 1583 325; baseline -0.004 -11"><span class='ocrx_word' id='word_1_6' title='bbox 112 269 232 322; x_wconf 76' lang='grc' dir='ltr'><strong><em>λώεις</em></strong></span> <span class='ocrx_word' id='word_1_7' title='bbox 262 267 338 312; x_wconf 72' lang='grc' dir='ltr'><strong><em>καὶ</em></strong></span> <span class='ocrx_word' id='word_1_8' title='bbox 367 267 437 312; x_wconf 69' lang='lat' dir='ltr'><strong><em>dei</em></strong></span> <span class='ocrx_word' id='word_1_9' title='bbox 463 268 714 325; x_wconf 86' lang='grc' dir='ltr'><strong><em>πλήττονται</em></strong></span> <span class='ocrx_word' id='word_1_10' title='bbox 731 269 806 311; x_wconf 82' lang='grc' dir='ltr'><em>καί</em></span> <span class='ocrx_word' id='word_1_11' title='bbox 829 267 947 309; x_wconf 82' lang='grc' dir='ltr'><strong><em>λύκοι</em></strong></span> <span class='ocrx_word' id='word_1_12' title='bbox 971 265 1109 324; x_wconf 77' lang='grc' dir='ltr'><strong><em>μάτην</em></strong></span> <span class='ocrx_word' id='word_1_13' title='bbox 1133 266 1355 324; x_wconf 82' lang='grc' dir='ltr'><strong><em>κεχηνότες</em></strong></span> <span class='ocrx_word' id='word_1_14' title='bbox 1395 266 1583 310; x_wconf 87' lang='grc' dir='ltr'><strong><em>δείκνυν-</em></strong></span> 
     </span>
    </p>

    <p class='ocr_par' dir='ltr' id='par_1_3' title="bbox 111 333 1751 528">
     <span class='ocr_line' id='line_1_3' title="bbox 111 333 1751 393; baseline -0.004 -13"><span class='ocrx_word' id='word_1_15' title='bbox 111 354 184 381; x_wconf 87' lang='grc' dir='ltr'><strong><em>ται</em></strong></span> <span class='ocrx_word' id='word_1_16' title='bbox 211 335 322 380; x_wconf 79' lang='grc' dir='ltr'><strong><em>κατὰ</em></strong></span> <span class='ocrx_word' id='word_1_17' title='bbox 346 336 422 393; x_wconf 83' lang='grc' dir='ltr'><strong><em>τὴν</em></strong></span> <span class='ocrx_word' id='word_1_18' title='bbox 445 335 696 393; x_wconf 92' lang='grc' dir='ltr'><strong><em>παροιμίαν.</em></strong></span> <span class='ocrx_word' id='word_1_19' title='bbox 755 333 888 385; x_wconf 76' lang='grc' dir='ltr'><strong><em>οὕτως</em></strong></span> <span class='ocrx_word' id='word_1_20' title='bbox 919 335 1139 378; x_wconf 78' lang='grc' dir='ltr'><strong><em>ἀναίδειαν</em></strong></span> <span class='ocrx_word' id='word_1_21' title='bbox 1168 335 1312 377; x_wconf 78' lang='grc' dir='ltr'><strong><em>πᾶσαν</em></strong></span> <span class='ocrx_word' id='word_1_22' title='bbox 1338 333 1584 377; x_wconf 85' lang='grc' dir='ltr'><strong><em>ἐνδέδυνται</em></strong></span> <span class='ocrx_word' id='word_1_23' title='bbox 1599 338 1624 374; x_wconf 77' lang='lat' dir='ltr'><strong><em>f.</em></strong></span> <span class='ocrx_word' id='word_1_24' title='bbox 1638 339 1751 375; x_wconf 67' lang='lat'>26921.</span> 
     </span>
     <span class='ocr_line' id='line_1_4' title="bbox 112 401 1672 462; baseline -0.003 -14"><span class='ocrx_word' id='word_1_25' title='bbox 112 405 187 448; x_wconf 78' lang='grc' dir='ltr'><strong><em>καὶ</em></strong></span> <span class='ocrx_word' id='word_1_26' title='bbox 217 401 326 462; x_wconf 83' lang='grc' dir='ltr'><strong><em>ἦθος</em></strong></span> <span class='ocrx_word' id='word_1_27' title='bbox 344 402 496 460; x_wconf 83' lang='grc' dir='ltr'><strong><em>ἰταμὸν</em></strong></span> <span class='ocrx_word' id='word_1_28' title='bbox 522 403 597 446; x_wconf 78' lang='grc' dir='ltr'><strong><em>καὶ</em></strong></span> <span class='ocrx_word' id='word_1_29' title='bbox 626 402 797 460; x_wconf 81' lang='grc' dir='ltr'><strong><em>οὐδαμῇ</em></strong></span> <span class='ocrx_word' id='word_1_30' title='bbox 825 403 924 446; x_wconf 82' lang='grc' dir='ltr'><strong><em>ποτὲ</em></strong></span> <span class='ocrx_word' id='word_1_31' title='bbox 941 401 1277 457; x_wconf 74' lang='grc' dir='ltr'><strong><em>ὑπισχνούμενον</em></strong></span> <span class='ocrx_word' id='word_1_32' title='bbox 1295 402 1371 459; x_wconf 77' lang='grc' dir='ltr'><strong><em>τὴν</em></strong></span> <span class='ocrx_word' id='word_1_33' title='bbox 1394 401 1583 458; x_wconf 87' lang='grc' dir='ltr'><strong><em>διόρθω-</em></strong></span> <span class='ocrx_word' id='word_1_34' title='bbox 1602 409 1672 443; x_wconf 73' lang='grc'><strong><em>88</em></strong></span> 
     </span>
     <span class='ocr_line' id='line_1_5' title="bbox 114 469 1588 528; baseline -0.003 -12"><span class='ocrx_word' id='word_1_35' title='bbox 114 488 197 516; x_wconf 64' lang='grc' dir='ltr'><strong><em>σιν.</em></strong></span> <span class='ocrx_word' id='word_1_36' title='bbox 255 471 351 516; x_wconf 84' lang='grc' dir='ltr'><strong><em>δέον</em></strong></span> <span class='ocrx_word' id='word_1_37' title='bbox 378 470 461 528; x_wconf 84' lang='grc' dir='ltr'><strong><em>γὰρ</em></strong></span> <span class='ocrx_word' id='word_1_38' title='bbox 494 469 644 520; x_wconf 78' lang='grc' dir='ltr'><strong><em>αὐτοὺς</em></strong></span> <span class='ocrx_word' id='word_1_39' title='bbox 671 470 963 512; x_wconf 85' lang='grc' dir='ltr'><strong><em>καταδύεσθαι</em></strong></span> <span class='ocrx_word' id='word_1_40' title='bbox 1001 470 1075 513; x_wconf 78' lang='grc' dir='ltr'><strong><em>καὶ</em></strong></span> <span class='ocrx_word' id='word_1_41' title='bbox 1112 471 1336 526; x_wconf 73' lang='grc' dir='ltr'><strong><em>ἐρυθριᾶν,</em></strong></span> <span class='ocrx_word' id='word_1_42' title='bbox 1369 469 1413 511; x_wconf 81' lang='grc' dir='ltr'><strong><em>οἳ</em></strong></span> <span class='ocrx_word' id='word_1_43' title='bbox 1439 470 1485 512; x_wconf 80' lang='grc' dir='ltr'><strong><em>δὲ</em></strong></span> <span class='ocrx_word' id='word_1_44' title='bbox 1513 469 1588 512; x_wconf 83' lang='grc' dir='ltr'><em>καί</em></span> 
     </span>
    </p>

    <p class='ocr_par' dir='ltr' id='par_1_4' title="bbox 15 531 1590 864">
     <span class='ocr_line' id='line_1_6' title="bbox 15 531 1589 595; baseline -0.002 -13"><span class='ocrx_word' id='word_1_45' title='bbox 15 531 34 569; x_wconf 50' lang='lat'><strong><em>0&#39;</em></strong></span> <span class='ocrx_word' id='word_1_46' title='bbox 79 539 454 592; x_wconf 80' lang='grc' dir='ltr'><strong><em>5ἆναισχυντοῦσί</em></strong></span> <span class='ocrx_word' id='word_1_47' title='bbox 475 554 545 595; x_wconf 86' lang='grc' dir='ltr'><strong><em>γε,</em></strong></span> <span class='ocrx_word' id='word_1_48' title='bbox 588 536 643 580; x_wconf 78' lang='grc' dir='ltr'><strong><em>τὰ</em></strong></span> <span class='ocrx_word' id='word_1_49' title='bbox 679 538 814 592; x_wconf 86' lang='grc' dir='ltr'><strong><em>μείζω</em></strong></span> <span class='ocrx_word' id='word_1_50' title='bbox 844 553 888 580; x_wconf 88' lang='grc' dir='ltr'><strong><em>τε</em></strong></span> <span class='ocrx_word' id='word_1_51' title='bbox 931 538 1005 579; x_wconf 84' lang='grc' dir='ltr'>καί</span> <span class='ocrx_word' id='word_1_52' title='bbox 1037 536 1320 592; x_wconf 78' lang='grc' dir='ltr'><strong><em>χαλεπώτερα</em></strong></span> <span class='ocrx_word' id='word_1_53' title='bbox 1359 535 1467 580; x_wconf 84' lang='grc' dir='ltr'><strong><em>κατὰ</em></strong></span> <span class='ocrx_word' id='word_1_54' title='bbox 1505 538 1589 580; x_wconf 75' lang='grc' dir='ltr'><strong><em>τῶν</em></strong></span> 
     </span>
     <span class='ocr_line' id='line_1_7' title="bbox 115 604 1590 663; baseline -0.001 -14"><span class='ocrx_word' id='word_1_55' title='bbox 115 607 242 662; x_wconf 76' lang='grc' dir='ltr'><strong><em>ἐμῶν,</em></strong></span> <span class='ocrx_word' id='word_1_56' title='bbox 272 604 330 656; x_wconf 75' lang='grc' dir='ltr'><strong><em>ὥς</em></strong></span> <span class='ocrx_word' id='word_1_57' title='bbox 360 604 551 663; x_wconf 85' lang='grc' dir='ltr'><strong><em>εἴρηται,</em></strong></span> <span class='ocrx_word' id='word_1_58' title='bbox 581 607 655 648; x_wconf 81' lang='grc' dir='ltr'><strong><em>νῦν</em></strong></span> <span class='ocrx_word' id='word_1_59' title='bbox 684 621 729 648; x_wconf 88' lang='grc' dir='ltr'><strong><em>τε</em></strong></span> <span class='ocrx_word' id='word_1_60' title='bbox 759 606 940 661; x_wconf 75' lang='grc' dir='ltr'><strong><em>δρῶντες</em></strong></span> <span class='ocrx_word' id='word_1_61' title='bbox 978 605 1052 648; x_wconf 83' lang='grc' dir='ltr'>καί</span> <span class='ocrx_word' id='word_1_62' title='bbox 1082 606 1189 660; x_wconf 82' lang='grc' dir='ltr'><strong><em>δρᾶν</em></strong></span> <span class='ocrx_word' id='word_1_63' title='bbox 1223 604 1290 647; x_wconf 75' lang='grc' dir='ltr'><strong><em>ἀεὶ</em></strong></span> <span class='ocrx_word' id='word_1_64' title='bbox 1322 604 1590 655; x_wconf 76' lang='grc' dir='ltr'><strong><em>ἀπειλοῦντες</em></strong></span> 
     </span>
     <span class='ocr_line' id='line_1_8' title="bbox 116 668 1588 730; baseline -0.003 -13"><span class='ocrx_word' id='word_1_65' title='bbox 116 672 190 725; x_wconf 82' lang='grc' dir='ltr'><strong><em>ἔτι,</em></strong></span> <span class='ocrx_word' id='word_1_66' title='bbox 217 671 401 730; x_wconf 87' lang='grc' dir='ltr'><strong><em>μηδενὸς</em></strong></span> <span class='ocrx_word' id='word_1_67' title='bbox 429 675 551 716; x_wconf 75' lang='grc' dir='ltr'><strong><em>ἕνεκα</em></strong></span> <span class='ocrx_word' id='word_1_68' title='bbox 578 674 746 723; x_wconf 84' lang='grc' dir='ltr'><strong><em>πάντως</em></strong></span> <span class='ocrx_word' id='word_1_69' title='bbox 778 668 924 728; x_wconf 75' lang='grc' dir='ltr'><strong><em>ἑτέρου</em></strong></span> <span class='ocrx_word' id='word_1_70' title='bbox 952 674 1036 715; x_wconf 75' lang='grc' dir='ltr'><strong><em>τῶν</em></strong></span> <span class='ocrx_word' id='word_1_71' title='bbox 1062 671 1230 714; x_wconf 79' lang='grc' dir='ltr'><strong><em>πάντων</em></strong></span> <span class='ocrx_word' id='word_1_72' title='bbox 1264 669 1291 727; x_wconf 81' lang='grc' dir='ltr'><em>ἢ</em></span> <span class='ocrx_word' id='word_1_73' title='bbox 1317 671 1417 722; x_wconf 75' lang='grc' dir='ltr'><strong><em>τούς</em></strong></span> <span class='ocrx_word' id='word_1_74' title='bbox 1449 674 1588 715; x_wconf 75' lang='grc' dir='ltr'><strong><em>ἐντεῦ-</em></strong></span> 
     </span>
     <span class='ocr_line' id='line_1_9' title="bbox 116 738 1588 797; baseline -0.002 -13"><span class='ocrx_word' id='word_1_75' title='bbox 116 743 193 784; x_wconf 86' lang='grc' dir='ltr'><strong><em>θεν</em></strong></span> <span class='ocrx_word' id='word_1_76' title='bbox 223 740 425 797; x_wconf 80' lang='grc' dir='ltr'><strong><em>ἐλέγχους</em></strong></span> <span class='ocrx_word' id='word_1_77' title='bbox 470 740 541 783; x_wconf 68' lang='lat' dir='ltr'><strong><em>del</em></strong></span> <span class='ocrx_word' id='word_1_78' title='bbox 571 740 768 790; x_wconf 73' lang='grc' dir='ltr'><strong><em>δεδιότες.</em></strong></span> <span class='ocrx_word' id='word_1_79' title='bbox 839 738 896 790; x_wconf 67' lang='grc' dir='ltr'><strong><em>αἱς</em></strong></span> <span class='ocrx_word' id='word_1_80' title='bbox 938 738 1256 796; x_wconf 76' lang='grc' dir='ltr'><strong><em>ἀναγκάζεσθαι</em></strong></span> <span class='ocrx_word' id='word_1_81' title='bbox 1285 740 1395 794; x_wconf 73' lang='grc' dir='ltr'><strong><em>κάμὲ</em></strong></span> <span class='ocrx_word' id='word_1_82' title='bbox 1425 755 1588 794; x_wconf 75' lang='grc' dir='ltr'><strong><em>παραι-</em></strong></span> 
     </span>
     <span class='ocr_line' id='line_1_10' title="bbox 116 802 1590 864; baseline -0.003 -12"><span class='ocrx_word' id='word_1_83' title='bbox 116 814 214 862; x_wconf 85' lang='grc' dir='ltr'><strong><em>νεῖν,</em></strong></span> <span class='ocrx_word' id='word_1_84' title='bbox 249 803 313 860; x_wconf 83' lang='grc' dir='ltr'><strong><em>οἷς</em></strong></span> <span class='ocrx_word' id='word_1_85' title='bbox 338 806 530 864; x_wconf 82' lang='grc' dir='ltr'><strong><em>μετιέναι</em></strong></span> <span class='ocrx_word' id='word_1_86' title='bbox 556 807 711 857; x_wconf 83' lang='grc' dir='ltr'><strong><em>ταύτας</em></strong></span> <span class='ocrx_word' id='word_1_87' title='bbox 743 806 878 850; x_wconf 79' lang='grc' dir='ltr'><strong><em>ἔπεισι</em></strong></span> <span class='ocrx_word' id='word_1_88' title='bbox 914 808 1055 864; x_wconf 89' lang='grc' dir='ltr'><strong><em>φίλοις</em></strong></span> <span class='ocrx_word' id='word_1_89' title='bbox 1081 802 1201 849; x_wconf 68' lang='grc' dir='ltr'><strong><em>οὖσιν</em></strong></span> <span class='ocrx_word' id='word_1_90' title='bbox 1229 805 1351 862; x_wconf 78' lang='grc' dir='ltr'><strong><em>ἡμῶν</em></strong></span> <span class='ocrx_word' id='word_1_91' title='bbox 1379 805 1487 861; x_wconf 82' lang='grc' dir='ltr'><strong><em>μετὰ</em></strong></span> <span class='ocrx_word' id='word_1_92' title='bbox 1515 805 1590 862; x_wconf 81' lang='grc' dir='ltr'><strong><em>τὴν</em></strong></span> 
     </span>
    </p>

    <p class='ocr_par' dir='ltr' id='par_1_5' title="bbox 60 871 1590 1201">
     <span class='ocr_line' id='line_1_11' title="bbox 60 871 1590 933; baseline -0.004 -13"><span class='ocrx_word' id='word_1_93' title='bbox 60 875 222 933; x_wconf 82' lang='grc' dir='ltr'><strong><em>1οἐμὴν</em></strong></span> <span class='ocrx_word' id='word_1_94' title='bbox 246 877 456 932; x_wconf 83' lang='grc' dir='ltr'><strong><em>τελευτήν,</em></strong></span> <span class='ocrx_word' id='word_1_95' title='bbox 489 877 626 931; x_wconf 79' lang='grc' dir='ltr'><strong><em>ζητεῖν</em></strong></span> <span class='ocrx_word' id='word_1_96' title='bbox 652 874 727 917; x_wconf 82' lang='grc' dir='ltr'><em>καί</em></span> <span class='ocrx_word' id='word_1_97' title='bbox 758 874 1046 931; x_wconf 73' lang='grc' dir='ltr'><strong><em>παρατιθέναι</em></strong></span> <span class='ocrx_word' id='word_1_98' title='bbox 1081 875 1157 924; x_wconf 83' lang='grc' dir='ltr'><strong><em>τὰς</em></strong></span> <span class='ocrx_word' id='word_1_99' title='bbox 1198 873 1306 923; x_wconf 89' lang='grc' dir='ltr'><strong><em>τέως</em></strong></span> <span class='ocrx_word' id='word_1_100' title='bbox 1336 872 1477 923; x_wconf 77' lang='grc' dir='ltr'><strong><em>αὐτοῖς</em></strong></span> <span class='ocrx_word' id='word_1_101' title='bbox 1510 871 1590 915; x_wconf 80' lang='grc' dir='ltr'><strong><em>ἀνὰ</em></strong></span> 
     </span>
     <span class='ocr_line' id='line_1_12' title="bbox 113 939 1589 1002; baseline -0.004 -16"><span class='ocrx_word' id='word_1_102' title='bbox 113 948 268 1002; x_wconf 81' lang='grc' dir='ltr'><strong><em>χεῖρας</em></strong></span> <span class='ocrx_word' id='word_1_103' title='bbox 300 939 466 999; x_wconf 72' lang='grc' dir='ltr'><strong><em>ἑτέραις</em></strong></span> <span class='ocrx_word' id='word_1_104' title='bbox 496 941 667 998; x_wconf 78' lang='grc' dir='ltr'><strong><em>ὁμοίαις</em></strong></span> <span class='ocrx_word' id='word_1_105' title='bbox 702 943 777 985; x_wconf 83' lang='grc' dir='ltr'>καί</span> <span class='ocrx_word' id='word_1_106' title='bbox 806 940 965 996; x_wconf 81' lang='grc' dir='ltr'><strong><em>ὁμοίως</em></strong></span> <span class='ocrx_word' id='word_1_107' title='bbox 1004 939 1079 998; x_wconf 68' lang='grc' dir='ltr'><strong><em>ὑφ’</em></strong></span> <span class='ocrx_word' id='word_1_108' title='bbox 1110 939 1327 997; x_wconf 77' lang='grc' dir='ltr'><strong><em>ἡμετέρων</em></strong></span> <span class='ocrx_word' id='word_1_109' title='bbox 1356 956 1589 996; x_wconf 85' lang='grc' dir='ltr'><strong><em>μετεγγρα-</em></strong></span> 
     </span>
     <span class='ocr_line' id='line_1_13' title="bbox 119 1006 1589 1069; baseline -0.002 -17"><span class='ocrx_word' id='word_1_110' title='bbox 119 1011 293 1069; x_wconf 86' lang='grc' dir='ltr'><strong><em>φείσαις</em></strong></span> <span class='ocrx_word' id='word_1_111' title='bbox 323 1009 469 1067; x_wconf 79' lang='grc' dir='ltr'><strong><em>ὄρθῶς</em></strong></span> <span class='ocrx_word' id='word_1_112' title='bbox 499 1012 731 1067; x_wconf 81' lang='grc' dir='ltr'><strong><em>φοιτητῶν,</em></strong></span> <span class='ocrx_word' id='word_1_113' title='bbox 774 1009 848 1051; x_wconf 84' lang='grc' dir='ltr'><em>καί</em></span> <span class='ocrx_word' id='word_1_114' title='bbox 884 1010 1072 1065; x_wconf 80' lang='grc' dir='ltr'><strong><em>συνορᾶν</em></strong></span> <span class='ocrx_word' id='word_1_115' title='bbox 1107 1006 1265 1050; x_wconf 73' lang='grc' dir='ltr'><strong><em>οὑτωσὶ</em></strong></span> <span class='ocrx_word' id='word_1_116' title='bbox 1291 1007 1486 1063; x_wconf 76' lang='grc' dir='ltr'><strong><em>τάληθές.</em></strong></span> <span class='ocrx_word' id='word_1_117' title='bbox 1542 1023 1589 1049; x_wconf 86' lang='grc' dir='ltr'><strong><em>το</em></strong></span> 
     </span>
     <span class='ocr_line' id='line_1_14' title="bbox 116 1074 1590 1136; baseline -0.005 -14"><span class='ocrx_word' id='word_1_118' title='bbox 116 1077 200 1136; x_wconf 80' lang='grc' dir='ltr'><strong><em>γὰρ</em></strong></span> <span class='ocrx_word' id='word_1_119' title='bbox 228 1079 418 1121; x_wconf 80' lang='grc' dir='ltr'><strong><em>τοιοῦτον</em></strong></span> <span class='ocrx_word' id='word_1_120' title='bbox 463 1077 594 1135; x_wconf 84' lang='grc' dir='ltr'><strong><em>ἔγωγε</em></strong></span> <span class='ocrx_word' id='word_1_121' title='bbox 638 1079 731 1129; x_wconf 89' lang='grc' dir='ltr'><strong><em>δέος</em></strong></span> <span class='ocrx_word' id='word_1_122' title='bbox 762 1075 1056 1133; x_wconf 82' lang='grc' dir='ltr'><strong><em>προκαθιστὰς</em></strong></span> <span class='ocrx_word' id='word_1_123' title='bbox 1095 1076 1169 1119; x_wconf 82' lang='grc' dir='ltr'><em>καί</em></span> <span class='ocrx_word' id='word_1_124' title='bbox 1194 1074 1423 1131; x_wconf 89' lang='grc' dir='ltr'><strong><em>πόρρωθεν</em></strong></span> <span class='ocrx_word' id='word_1_125' title='bbox 1452 1090 1590 1129; x_wconf 88' lang='grc' dir='ltr'><strong><em>προα-</em></strong></span> 
     </span>
     <span class='ocr_line' id='line_1_15' title="bbox 118 1142 1589 1201; baseline -0.005 -12"><span class='ocrx_word' id='word_1_126' title='bbox 118 1147 342 1201; x_wconf 78' lang='grc' dir='ltr'><strong><em>νασοβῶν,</em></strong></span> <span class='ocrx_word' id='word_1_127' title='bbox 371 1146 714 1196; x_wconf 74' lang='grc' dir='ltr'><strong><em>πολλαπλασίαις</em></strong></span> <span class='ocrx_word' id='word_1_128' title='bbox 756 1143 864 1187; x_wconf 74' lang='grc' dir='ltr'><strong><em>αὐτὰ</em></strong></span> <span class='ocrx_word' id='word_1_129' title='bbox 895 1144 1120 1201; x_wconf 86' lang='grc' dir='ltr'><strong><em>διαφόρων</em></strong></span> <span class='ocrx_word' id='word_1_130' title='bbox 1148 1146 1468 1198; x_wconf 81' lang='grc' dir='ltr'><strong><em>μετεγγραφαϊς</em></strong></span> <span class='ocrx_word' id='word_1_131' title='bbox 1497 1142 1589 1183; x_wconf 78' lang='grc' dir='ltr'><strong><em>ἐδε-</em></strong></span> 
     </span>
    </p>

    <p class='ocr_par' dir='ltr' id='par_1_6' title="bbox 62 1208 1591 1410">
     <span class='ocr_line' id='line_1_16' title="bbox 62 1208 1591 1271; baseline -0.007 -11"><span class='ocrx_word' id='word_1_132' title='bbox 62 1225 106 1262; x_wconf 87' lang='grc'><strong><em>15</em></strong></span> <span class='ocrx_word' id='word_1_133' title='bbox 121 1213 270 1257; x_wconf 62' lang='lat' dir='ltr'><strong><em>(fnium</em></strong></span> <span class='ocrx_word' id='word_1_134' title='bbox 304 1214 466 1270; x_wconf 76' lang='grc' dir='ltr'><strong><em>χειρῶν</em></strong></span> <span class='ocrx_word' id='word_1_135' title='bbox 509 1211 694 1271; x_wconf 78' lang='grc' dir='ltr'><strong><em>γράφειν</em></strong></span> <span class='ocrx_word' id='word_1_136' title='bbox 736 1212 882 1269; x_wconf 84' lang='grc' dir='ltr'><strong><em>ὄρθῶς</em></strong></span> <span class='ocrx_word' id='word_1_137' title='bbox 924 1210 1196 1267; x_wconf 76' lang='grc' dir='ltr'><strong><em>ἠσκημένων,</em></strong></span> <span class='ocrx_word' id='word_1_138' title='bbox 1241 1208 1268 1251; x_wconf 77' lang='grc' dir='ltr'><em>ἃ</em></span> <span class='ocrx_word' id='word_1_139' title='bbox 1311 1209 1390 1264; x_wconf 80' lang='grc' dir='ltr'><strong><em>μὲν</em></strong></span> <span class='ocrx_word' id='word_1_140' title='bbox 1421 1209 1591 1259; x_wconf 78' lang='grc' dir='ltr'><strong><em>οἰκείοις</em></strong></span> 
     </span>
     <span class='ocr_line' id='line_1_17' title="bbox 120 1275 1590 1338; baseline -0.004 -15"><span class='ocrx_word' id='word_1_141' title='bbox 120 1280 417 1336; x_wconf 74' lang='grc' dir='ltr'><strong><em>ἀναλώμασιν,</em></strong></span> <span class='ocrx_word' id='word_1_142' title='bbox 461 1277 490 1329; x_wconf 68' lang='grc' dir='ltr'><strong><em>(ἲ</em></strong></span> <span class='ocrx_word' id='word_1_143' title='bbox 519 1281 565 1323; x_wconf 80' lang='grc' dir='ltr'><strong><em>δὲ</em></strong></span> <span class='ocrx_word' id='word_1_144' title='bbox 610 1280 751 1338; x_wconf 90' lang='grc' dir='ltr'><strong><em>φίλοι-ς</em></strong></span> <span class='ocrx_word' id='word_1_145' title='bbox 779 1278 1079 1336; x_wconf 84' lang='grc' dir='ltr'><strong><em>αἰτησαμένοις</em></strong></span> <span class='ocrx_word' id='word_1_146' title='bbox 1124 1279 1184 1328; x_wconf 83' lang='grc' dir='ltr'><strong><em>εἰς</em></strong></span> <span class='ocrx_word' id='word_1_147' title='bbox 1211 1277 1420 1327; x_wconf 81' lang='grc' dir='ltr'><strong><em>πλοῦτον,</em></strong></span> <span class='ocrx_word' id='word_1_148' title='bbox 1455 1275 1590 1333; x_wconf 85' lang='grc' dir='ltr'><strong><em>φάναι</em></strong></span> 
     </span>
     <span class='ocr_line' id='line_1_18' title="bbox 118 1344 923 1410; baseline -0.001 -20"><span class='ocrx_word' id='word_1_149' title='bbox 118 1351 208 1410; x_wconf 72' lang='grc' dir='ltr'><strong><em>κατ’</em></strong></span> <span class='ocrx_word' id='word_1_150' title='bbox 239 1347 402 1400; x_wconf 75' lang='grc' dir='ltr'><strong><em>αὐτούς,</em></strong></span> <span class='ocrx_word' id='word_1_151' title='bbox 431 1347 547 1404; x_wconf 83' lang='grc' dir='ltr'><strong><em>ἱερόν</em></strong></span> <span class='ocrx_word' id='word_1_152' title='bbox 573 1364 618 1392; x_wconf 85' lang='grc' dir='ltr'><strong><em>τε</em></strong></span> <span class='ocrx_word' id='word_1_153' title='bbox 647 1347 721 1390; x_wconf 78' lang='grc' dir='ltr'><strong><em>καὶ</em></strong></span> <span class='ocrx_word' id='word_1_154' title='bbox 753 1344 923 1390; x_wconf 80' lang='grc' dir='ltr'><strong><em>ἄσυλον.</em></strong></span> 
     </span>
    </p>

    <p class='ocr_par' dir='ltr' id='par_1_7' title="bbox 118 1413 1683 1542">
     <span class='ocr_line' id='line_1_19' title="bbox 142 1413 1683 1471; baseline -0.005 -8"><span class='ocrx_word' id='word_1_155' title='bbox 142 1461 146 1463; x_wconf 16' lang='grc' dir='ltr'><strong><em>ι</em></strong></span> <span class='ocrx_word' id='word_1_156' title='bbox 195 1466 198 1468; x_wconf 61' lang='grc'><strong><em>,</em></strong></span> <span class='ocrx_word' id='word_1_157' title='bbox 246 1414 363 1460; x_wconf 80' lang='grc' dir='ltr'><strong><em>Ἀλλ’</em></strong></span> <span class='ocrx_word' id='word_1_158' title='bbox 413 1417 457 1459; x_wconf 84' lang='grc' dir='ltr'><strong><em>ἐν</em></strong></span> <span class='ocrx_word' id='word_1_159' title='bbox 498 1416 703 1466; x_wconf 77' lang='grc' dir='ltr'><strong><em>τοιούτοις</em></strong></span> <span class='ocrx_word' id='word_1_160' title='bbox 748 1414 1052 1471; x_wconf 77' lang='grc' dir='ltr'><strong><em>ἀσχολουμένῳ</em></strong></span> <span class='ocrx_word' id='word_1_161' title='bbox 1082 1429 1127 1456; x_wconf 89' lang='grc' dir='ltr'><strong><em>τε</em></strong></span> <span class='ocrx_word' id='word_1_162' title='bbox 1168 1415 1242 1457; x_wconf 85' lang='grc' dir='ltr'><em>καί</em></span> <span class='ocrx_word' id='word_1_163' title='bbox 1268 1414 1505 1470; x_wconf 81' lang='grc' dir='ltr'><strong><em>μοχθοῦντι</em></strong></span> <span class='ocrx_word' id='word_1_164' title='bbox 1533 1413 1594 1470; x_wconf 70' lang='grc' dir='ltr'><strong><em>τῷ</em></strong></span> <span class='ocrx_word' id='word_1_165' title='bbox 1609 1421 1683 1456; x_wconf 73' lang='lat'><strong><em>8⁰</em></strong></span> 
     </span>
     <span class='ocr_line' id='line_1_20' title="bbox 118 1479 1591 1542; baseline -0.003 -15"><span class='ocrx_word' id='word_1_166' title='bbox 118 1484 319 1542; x_wconf 76' lang='grc' dir='ltr'><strong><em>Παλαμᾷ</em></strong></span> <span class='ocrx_word' id='word_1_167' title='bbox 349 1482 396 1526; x_wconf 81' lang='grc' dir='ltr'><strong><em>τὸ</em></strong></span> <span class='ocrx_word' id='word_1_168' title='bbox 423 1485 499 1526; x_wconf 81' lang='grc' dir='ltr'><strong><em>τοῦ</em></strong></span> <span class='ocrx_word' id='word_1_169' title='bbox 540 1483 639 1538; x_wconf 85' lang='grc' dir='ltr'><strong><em>βίου</em></strong></span> <span class='ocrx_word' id='word_1_170' title='bbox 671 1482 806 1540; x_wconf 85' lang='grc' dir='ltr'><strong><em>πέρας</em></strong></span> <span class='ocrx_word' id='word_1_171' title='bbox 831 1483 954 1539; x_wconf 72' lang='grc' dir='ltr'><strong><em>ἐπῄει</em></strong></span> <span class='ocrx_word' id='word_1_172' title='bbox 983 1482 1102 1537; x_wconf 81' lang='grc' dir='ltr'><strong><em>μάλα</em></strong></span> <span class='ocrx_word' id='word_1_173' title='bbox 1145 1481 1296 1538; x_wconf 85' lang='grc' dir='ltr'><strong><em>πικρόν</em></strong></span> <span class='ocrx_word' id='word_1_174' title='bbox 1323 1498 1363 1524; x_wconf 87' lang='grc' dir='ltr'><strong><em>τι</em></strong></span> <span class='ocrx_word' id='word_1_175' title='bbox 1404 1481 1477 1523; x_wconf 84' lang='grc' dir='ltr'>καί</span> <span class='ocrx_word' id='word_1_176' title='bbox 1524 1479 1591 1523; x_wconf 89' lang='grc' dir='ltr'><strong><em>αἴ-</em></strong></span> 
     </span>
    </p>

    <p class='ocr_par' dir='ltr' id='par_1_8' title="bbox 15 1548 1596 1810">
     <span class='ocr_line' id='line_1_21' title="bbox 15 1548 1593 1609; baseline -0.004 -14"><span class='ocrx_word' id='word_1_177' title='bbox 15 1588 18 1590; x_wconf 89' lang='grc'><strong><em>.</em></strong></span> <span class='ocrx_word' id='word_1_178' title='bbox 58 1559 106 1596; x_wconf 82' lang='lat'><strong><em>20</em></strong></span> <span class='ocrx_word' id='word_1_179' title='bbox 118 1566 316 1605; x_wconf 86' lang='grc' dir='ltr'><strong><em>σχιστον·</em></strong></span> <span class='ocrx_word' id='word_1_180' title='bbox 347 1553 409 1609; x_wconf 73' lang='grc' dir='ltr'><strong><em>τῷ</em></strong></span> <span class='ocrx_word' id='word_1_181' title='bbox 440 1549 522 1607; x_wconf 78' lang='grc' dir='ltr'><strong><em>γὰρ</em></strong></span> <span class='ocrx_word' id='word_1_182' title='bbox 552 1550 731 1606; x_wconf 83' lang='grc' dir='ltr'><strong><em>συνήθει</em></strong></span> <span class='ocrx_word' id='word_1_183' title='bbox 769 1548 997 1605; x_wconf 85' lang='grc' dir='ltr'><strong><em>περιπετὴς</em></strong></span> <span class='ocrx_word' id='word_1_184' title='bbox 1024 1548 1203 1606; x_wconf 78' lang='grc' dir='ltr'><strong><em>γεγονώς</em></strong></span> <span class='ocrx_word' id='word_1_185' title='bbox 1232 1550 1355 1606; x_wconf 72' lang='grc' dir='ltr'><strong><em>ἰλεῷ,</em></strong></span> <span class='ocrx_word' id='word_1_186' title='bbox 1384 1550 1458 1604; x_wconf 83' lang='grc' dir='ltr'><strong><em>τῆς</em></strong></span> <span class='ocrx_word' id='word_1_187' title='bbox 1488 1548 1593 1590; x_wconf 81' lang='grc' dir='ltr'><strong><em>ιῖνα-</em></strong></span> 
     </span>
     <span class='ocr_line' id='line_1_22' title="bbox 115 1613 1592 1675; baseline -0.003 -14"><span class='ocrx_word' id='word_1_188' title='bbox 115 1619 278 1674; x_wconf 82' lang='grc' dir='ltr'><strong><em>τροπῆς</em></strong></span> <span class='ocrx_word' id='word_1_189' title='bbox 306 1615 471 1674; x_wconf 82' lang='grc' dir='ltr'><strong><em>δηλαδὴ</em></strong></span> <span class='ocrx_word' id='word_1_190' title='bbox 500 1619 584 1660; x_wconf 76' lang='grc' dir='ltr'><strong><em>τῶν</em></strong></span> <span class='ocrx_word' id='word_1_191' title='bbox 613 1618 658 1659; x_wconf 91' lang='grc' dir='ltr'><strong><em>ἐν</em></strong></span> <span class='ocrx_word' id='word_1_192' title='bbox 685 1618 740 1674; x_wconf 82' lang='grc' dir='ltr'><strong><em>τῇ</em></strong></span> <span class='ocrx_word' id='word_1_193' title='bbox 769 1617 907 1675; x_wconf 78' lang='grc' dir='ltr'><strong><em>κοιλίᾳ</em></strong></span> <span class='ocrx_word' id='word_1_194' title='bbox 940 1616 1086 1659; x_wconf 80' lang='grc' dir='ltr'><strong><em>σιτίων</em></strong></span> <span class='ocrx_word' id='word_1_195' title='bbox 1115 1613 1199 1658; x_wconf 79' lang='grc' dir='ltr'><strong><em>ἄνω</em></strong></span> <span class='ocrx_word' id='word_1_196' title='bbox 1228 1614 1299 1657; x_wconf 78' lang='grc' dir='ltr'><strong><em>διὰ</em></strong></span> <span class='ocrx_word' id='word_1_197' title='bbox 1327 1616 1402 1657; x_wconf 76' lang='grc' dir='ltr'><strong><em>τοῦ</em></strong></span> <span class='ocrx_word' id='word_1_198' title='bbox 1430 1615 1592 1669; x_wconf 87' lang='grc' dir='ltr'><strong><em>στόμα-</em></strong></span> 
     </span>
     <span class='ocr_line' id='line_1_23' title="bbox 116 1681 1596 1741; baseline -0.001 -15"><span class='ocrx_word' id='word_1_199' title='bbox 116 1700 199 1736; x_wconf 89' lang='grc' dir='ltr'><strong><em>τος,</em></strong></span> <span class='ocrx_word' id='word_1_200' title='bbox 227 1685 302 1727; x_wconf 83' lang='grc' dir='ltr'>καί</span> <span class='ocrx_word' id='word_1_201' title='bbox 332 1684 439 1741; x_wconf 88' lang='grc' dir='ltr'><strong><em>πρός</em></strong></span> <span class='ocrx_word' id='word_1_202' title='bbox 465 1689 513 1741; x_wconf 86' lang='grc' dir='ltr'><strong><em>’γε</em></strong></span> <span class='ocrx_word' id='word_1_203' title='bbox 553 1684 762 1739; x_wconf 77' lang='grc' dir='ltr'><strong><em>μανιώδει</em></strong></span> <span class='ocrx_word' id='word_1_204' title='bbox 804 1684 1027 1741; x_wconf 83' lang='grc' dir='ltr'><strong><em>φρενίτιδι,</em></strong></span> <span class='ocrx_word' id='word_1_205' title='bbox 1059 1686 1213 1738; x_wconf 81' lang='grc' dir='ltr'><strong><em>βιαίως</em></strong></span> <span class='ocrx_word' id='word_1_206' title='bbox 1256 1681 1366 1725; x_wconf 76' lang='grc' dir='ltr'><strong><em>οὕτω</em></strong></span> <span class='ocrx_word' id='word_1_207' title='bbox 1398 1682 1471 1724; x_wconf 79' lang='grc' dir='ltr'><em>καί</em></span> <span class='ocrx_word' id='word_1_208' title='bbox 1499 1682 1596 1724; x_wconf 88' lang='grc' dir='ltr'><strong><em>λίαν</em></strong></span> 
     </span>
     <span class='ocr_line' id='line_1_24' title="bbox 119 1746 1595 1810; baseline -0.003 -15"><span class='ocrx_word' id='word_1_209' title='bbox 119 1752 282 1810; x_wconf 74' lang='grc' dir='ltr'><strong><em>πικρῶς</em></strong></span> <span class='ocrx_word' id='word_1_210' title='bbox 314 1749 535 1809; x_wconf 80' lang='grc' dir='ltr'><strong><em>ἆπερροίγη</em></strong></span> <span class='ocrx_word' id='word_1_211' title='bbox 577 1751 653 1794; x_wconf 80' lang='grc' dir='ltr'><strong><em>τοῦ</em></strong></span> <span class='ocrx_word' id='word_1_212' title='bbox 684 1752 772 1807; x_wconf 83' lang='grc' dir='ltr'><strong><em>ζῆν.</em></strong></span> <span class='ocrx_word' id='word_1_213' title='bbox 850 1747 1031 1794; x_wconf 77' lang='grc' dir='ltr'><strong><em>κᾶπειτα</em></strong></span> <span class='ocrx_word' id='word_1_214' title='bbox 1074 1748 1112 1792; x_wconf 84' lang='grc' dir='ltr'><strong><em>οἱ</em></strong></span> <span class='ocrx_word' id='word_1_215' title='bbox 1157 1748 1410 1807; x_wconf 76' lang='grc' dir='ltr'><strong><em>αἱρεσιῶται</em></strong></span> <span class='ocrx_word' id='word_1_216' title='bbox 1449 1748 1525 1792; x_wconf 80' lang='grc' dir='ltr'><em>καί</em></span> <span class='ocrx_word' id='word_1_217' title='bbox 1555 1746 1595 1790; x_wconf 78' lang='grc' dir='ltr'><strong><em>σῖ</em></strong></span> 
     </span>
    </p>
   </div>
   <div class='ocr_carea' id='block_1_3' title="bbox 118 1949 1596 2559">
    <p class='ocr_par' dir='ltr' id='par_1_9' title="bbox 118 1949 1596 2559">
     <span class='ocr_line' id='line_1_25' title="bbox 119 1949 1595 2000; baseline -0.005 -10"><span class='ocrx_word' id='word_1_218' title='bbox 119 1953 327 2000; x_wconf 83' lang='lat' dir='ltr'><strong>proverbio.</strong></span> <span class='ocrx_word' id='word_1_219' title='bbox 388 1954 442 1990; x_wconf 85' lang='lat' dir='ltr'><strong><em>sic</em></strong></span> <span class='ocrx_word' id='word_1_220' title='bbox 466 1954 562 1988; x_wconf 88' lang='lat' dir='ltr'><strong>omni</strong></span> <span class='ocrx_word' id='word_1_221' title='bbox 596 1953 815 1998; x_wconf 86' lang='lat' dir='ltr'><strong>impudentia</strong></span> <span class='ocrx_word' id='word_1_222' title='bbox 847 1952 962 1987; x_wconf 88' lang='lat' dir='ltr'><strong>induti</strong></span> <span class='ocrx_word' id='word_1_223' title='bbox 1002 1956 1084 1987; x_wconf 86' lang='lat' dir='ltr'><strong>suut</strong></span> <span class='ocrx_word' id='word_1_224' title='bbox 1120 1956 1156 1986; x_wconf 85' lang='lat' dir='ltr'><strong><em>et</em></strong></span> <span class='ocrx_word' id='word_1_225' title='bbox 1192 1950 1339 1997; x_wconf 86' lang='lat' dir='ltr'><strong>ingenio</strong></span> <span class='ocrx_word' id='word_1_226' title='bbox 1373 1950 1465 1985; x_wconf 87' lang='lat' dir='ltr'><strong>truci</strong></span> <span class='ocrx_word' id='word_1_227' title='bbox 1501 1949 1595 1995; x_wconf 86' lang='lat' dir='ltr'><strong>quod</strong></span> 
     </span>
     <span class='ocr_line' id='line_1_26' title="bbox 118 1998 1593 2048; baseline -0.005 -11"><span class='ocrx_word' id='word_1_228' title='bbox 118 2012 297 2048; x_wconf 83' lang='lat' dir='ltr'><strong>nunquam</strong></span> <span class='ocrx_word' id='word_1_229' title='bbox 326 2002 460 2048; x_wconf 82' lang='lat' dir='ltr'><strong>corrigi</strong></span> <span class='ocrx_word' id='word_1_230' title='bbox 501 2011 608 2046; x_wconf 86' lang='lat' dir='ltr'><strong>posse</strong></span> <span class='ocrx_word' id='word_1_231' title='bbox 633 2006 793 2045; x_wconf 81' lang='lat' dir='ltr'><strong>apparet.</strong></span> <span class='ocrx_word' id='word_1_232' title='bbox 852 2011 957 2045; x_wconf 90' lang='lat' dir='ltr'><strong>quum</strong></span> <span class='ocrx_word' id='word_1_233' title='bbox 994 2001 1086 2033; x_wconf 88' lang='lat' dir='ltr'><strong>enim</strong></span> <span class='ocrx_word' id='word_1_234' title='bbox 1120 1999 1265 2044; x_wconf 81' lang='lat' dir='ltr'><strong>proprie</strong></span> <span class='ocrx_word' id='word_1_235' title='bbox 1283 1998 1360 2032; x_wconf 69' lang='lat' dir='ltr'><strong>‘eos</strong></span> <span class='ocrx_word' id='word_1_236' title='bbox 1388 1998 1593 2031; x_wconf 85' lang='lat' dir='ltr'><strong>summissos</strong></span> 
     </span>
     <span class='ocr_line' id='line_1_27' title="bbox 121 2046 1594 2093; baseline -0.004 -9"><span class='ocrx_word' id='word_1_237' title='bbox 121 2061 201 2085; x_wconf 79' lang='lat' dir='ltr'><strong>esse</strong></span> <span class='ocrx_word' id='word_1_238' title='bbox 228 2055 264 2084; x_wconf 76' lang='lat' dir='ltr'><strong><em>et</em></strong></span> <span class='ocrx_word' id='word_1_239' title='bbox 289 2050 504 2085; x_wconf 82' lang='lat' dir='ltr'><strong>erubescere</strong></span> <span class='ocrx_word' id='word_1_240' title='bbox 543 2054 732 2093; x_wconf 77' lang='lat' dir='ltr'><strong>oporteat,</strong></span> <span class='ocrx_word' id='word_1_241' title='bbox 774 2049 997 2092; x_wconf 84' lang='lat' dir='ltr'><strong>impudentes</strong></span> <span class='ocrx_word' id='word_1_242' title='bbox 1022 2052 1104 2081; x_wconf 80' lang='lat' dir='ltr'><strong>sunt</strong></span> <span class='ocrx_word' id='word_1_243' title='bbox 1131 2053 1166 2080; x_wconf 91' lang='lat' dir='ltr'><strong><em>et</em></strong></span> <span class='ocrx_word' id='word_1_244' title='bbox 1194 2047 1360 2090; x_wconf 86' lang='lat' dir='ltr'><strong>graviora</strong></span> <span class='ocrx_word' id='word_1_245' title='bbox 1399 2046 1594 2090; x_wconf 81' lang='lat' dir='ltr'><strong>peioraque</strong></span> 
     </span>
     <span class='ocr_line' id='line_1_28' title="bbox 119 2095 1594 2141; baseline -0.005 -9"><span class='ocrx_word' id='word_1_246' title='bbox 119 2099 157 2132; x_wconf 84' lang='lat' dir='ltr'><strong><em>in</em></strong></span> <span class='ocrx_word' id='word_1_247' title='bbox 182 2108 238 2132; x_wconf 88' lang='lat' dir='ltr'><strong><em>me</em></strong></span> <span class='ocrx_word' id='word_1_248' title='bbox 264 2102 303 2131; x_wconf 90' lang='lat' dir='ltr'><strong>ut</strong></span> <span class='ocrx_word' id='word_1_249' title='bbox 342 2098 473 2131; x_wconf 90' lang='lat' dir='ltr'><strong>dictum</strong></span> <span class='ocrx_word' id='word_1_250' title='bbox 501 2102 555 2130; x_wconf 88' lang='lat' dir='ltr'><strong><em>est</em></strong></span> <span class='ocrx_word' id='word_1_251' title='bbox 578 2106 673 2130; x_wconf 86' lang='lat' dir='ltr'><strong>nuuc</strong></span> <span class='ocrx_word' id='word_1_252' title='bbox 712 2101 822 2141; x_wconf 86' lang='lat' dir='ltr'><strong>agunt</strong></span> <span class='ocrx_word' id='word_1_253' title='bbox 858 2101 893 2129; x_wconf 90' lang='lat' dir='ltr'><strong><em>et</em></strong></span> <span class='ocrx_word' id='word_1_254' title='bbox 916 2105 1058 2138; x_wconf 85' lang='lat' dir='ltr'><strong>semper</strong></span> <span class='ocrx_word' id='word_1_255' title='bbox 1093 2105 1203 2140; x_wconf 85' lang='lat' dir='ltr'><strong>agere</strong></span> <span class='ocrx_word' id='word_1_256' title='bbox 1242 2095 1418 2126; x_wconf 82' lang='lat' dir='ltr'><strong>minantur</strong></span> <span class='ocrx_word' id='word_1_257' title='bbox 1447 2098 1594 2136; x_wconf 88' lang='lat' dir='ltr'><strong>propter</strong></span> 
     </span>
     <span class='ocr_line' id='line_1_29' title="bbox 118 2141 1592 2188; baseline -0.003 -9"><span class='ocrx_word' id='word_1_258' title='bbox 118 2144 253 2180; x_wconf 79' lang='lat' dir='ltr'><strong>nullam</strong></span> <span class='ocrx_word' id='word_1_259' title='bbox 279 2145 423 2179; x_wconf 88' lang='lat' dir='ltr'><strong>omnino</strong></span> <span class='ocrx_word' id='word_1_260' title='bbox 461 2143 566 2178; x_wconf 87' lang='lat' dir='ltr'><strong>aliam</strong></span> <span class='ocrx_word' id='word_1_261' title='bbox 600 2154 740 2178; x_wconf 86' lang='lat' dir='ltr'><strong>causam</strong></span> <span class='ocrx_word' id='word_1_262' title='bbox 781 2153 883 2188; x_wconf 82' lang='lat' dir='ltr'><strong>quam</strong></span> <span class='ocrx_word' id='word_1_263' title='bbox 910 2143 1003 2187; x_wconf 89' lang='lat' dir='ltr'><strong>quod</strong></span> <span class='ocrx_word' id='word_1_264' title='bbox 1044 2142 1309 2175; x_wconf 74' lang='lat' dir='ltr'><strong>criminationes</strong></span> <span class='ocrx_word' id='word_1_265' title='bbox 1346 2141 1427 2173; x_wconf 90' lang='lat' dir='ltr'><strong>inde</strong></span> <span class='ocrx_word' id='word_1_266' title='bbox 1455 2141 1592 2174; x_wconf 84' lang='lat' dir='ltr'><strong>timent.</strong></span> 
     </span>
     <span class='ocr_line' id='line_1_30' title="bbox 119 2190 1595 2238; baseline -0.005 -11"><span class='ocrx_word' id='word_1_267' title='bbox 119 2193 170 2227; x_wconf 81' lang='lat' dir='ltr'><strong>ita</strong></span> <span class='ocrx_word' id='word_1_268' title='bbox 193 2198 233 2226; x_wconf 89' lang='lat' dir='ltr'><strong>ut</strong></span> <span class='ocrx_word' id='word_1_269' title='bbox 257 2202 325 2238; x_wconf 71' lang='lat' dir='ltr'><strong><em>ego</em></strong></span> <span class='ocrx_word' id='word_1_270' title='bbox 343 2202 486 2238; x_wconf 86' lang='lat' dir='ltr'><strong>quoque</strong></span> <span class='ocrx_word' id='word_1_271' title='bbox 513 2197 657 2225; x_wconf 80' lang='lat' dir='ltr'><strong>coactus</strong></span> <span class='ocrx_word' id='word_1_272' title='bbox 686 2193 765 2233; x_wconf 89' lang='lat' dir='ltr'><strong>sim,</strong></span> <span class='ocrx_word' id='word_1_273' title='bbox 792 2191 914 2224; x_wconf 88' lang='lat' dir='ltr'><strong>amicis</strong></span> <span class='ocrx_word' id='word_1_274' title='bbox 944 2199 1089 2234; x_wconf 90' lang='lat' dir='ltr'><strong>quorum</strong></span> <span class='ocrx_word' id='word_1_275' title='bbox 1119 2190 1187 2223; x_wconf 86' lang='lat' dir='ltr'><strong>erit</strong></span> <span class='ocrx_word' id='word_1_276' title='bbox 1212 2194 1292 2232; x_wconf 85' lang='lat' dir='ltr'><strong>post</strong></span> <span class='ocrx_word' id='word_1_277' title='bbox 1309 2192 1455 2221; x_wconf 84' lang='lat' dir='ltr'><strong>mortem</strong></span> <span class='ocrx_word' id='word_1_278' title='bbox 1482 2197 1595 2221; x_wconf 88' lang='lat' dir='ltr'><strong>meam</strong></span> 
     </span>
     <span class='ocr_line' id='line_1_31' title="bbox 121 2235 1596 2283; baseline -0.004 -9"><span class='ocrx_word' id='word_1_279' title='bbox 121 2250 164 2274; x_wconf 82' lang='lat' dir='ltr'><strong><em>ea</em></strong></span> <span class='ocrx_word' id='word_1_280' title='bbox 188 2240 317 2283; x_wconf 87' lang='lat' dir='ltr'><strong>adire,</strong></span> <span class='ocrx_word' id='word_1_281' title='bbox 358 2240 509 2275; x_wconf 81' lang='lat' dir='ltr'><strong>suadere</strong></span> <span class='ocrx_word' id='word_1_282' title='bbox 542 2245 580 2273; x_wconf 89' lang='lat' dir='ltr'><strong>ut</strong></span> <span class='ocrx_word' id='word_1_283' title='bbox 606 2240 784 2283; x_wconf 82' lang='lat' dir='ltr'><strong>inquirant</strong></span> <span class='ocrx_word' id='word_1_284' title='bbox 819 2243 855 2272; x_wconf 86' lang='lat' dir='ltr'><strong><em>et</em></strong></span> <span class='ocrx_word' id='word_1_285' title='bbox 896 2242 1108 2280; x_wconf 81' lang='lat' dir='ltr'><strong>componant</strong></span> <span class='ocrx_word' id='word_1_286' title='bbox 1144 2237 1342 2280; x_wconf 77' lang='lat' dir='ltr'><strong>scripturae</strong></span> <span class='ocrx_word' id='word_1_287' title='bbox 1377 2235 1596 2278; x_wconf 85' lang='lat' dir='ltr'><strong>exemplaria</strong></span> 
     </span>
     <span class='ocr_line' id='line_1_32' title="bbox 121 2282 1594 2333; baseline -0.005 -11"><span class='ocrx_word' id='word_1_288' title='bbox 121 2298 213 2333; x_wconf 80' lang='lat' dir='ltr'><strong>quae</strong></span> <span class='ocrx_word' id='word_1_289' title='bbox 240 2298 317 2321; x_wconf 86' lang='lat' dir='ltr'><strong><em>cum</em></strong></span> <span class='ocrx_word' id='word_1_290' title='bbox 347 2287 477 2322; x_wconf 86' lang='lat' dir='ltr'><strong>ceteris</strong></span> <span class='ocrx_word' id='word_1_291' title='bbox 503 2287 678 2321; x_wconf 76' lang='lat' dir='ltr'><strong>similibus</strong></span> <span class='ocrx_word' id='word_1_292' title='bbox 705 2286 918 2329; x_wconf 85' lang='lat' dir='ltr'><strong>transcripta</strong></span> <span class='ocrx_word' id='word_1_293' title='bbox 947 2285 1018 2318; x_wconf 78' lang='lat' dir='ltr'><strong>sint</strong></span> <span class='ocrx_word' id='word_1_294' title='bbox 1057 2290 1092 2317; x_wconf 91' lang='lat' dir='ltr'><strong><em>et</em></strong></span> <span class='ocrx_word' id='word_1_295' title='bbox 1119 2285 1257 2329; x_wconf 90' lang='lat' dir='ltr'><strong>quidem</strong></span> <span class='ocrx_word' id='word_1_296' title='bbox 1287 2288 1386 2316; x_wconf 85' lang='lat' dir='ltr'><strong>recte</strong></span> <span class='ocrx_word' id='word_1_297' title='bbox 1412 2282 1501 2316; x_wconf 88' lang='lat' dir='ltr'><strong>haec</strong></span> <span class='ocrx_word' id='word_1_298' title='bbox 1528 2283 1594 2316; x_wconf 83' lang='lat' dir='ltr'><strong><em>ab-</em></strong></span> 
     </span>
     <span class='ocr_line' id='line_1_33' title="bbox 120 2331 1594 2376; baseline -0.005 -7"><span class='ocrx_word' id='word_1_299' title='bbox 120 2334 271 2370; x_wconf 80' lang='lat' dir='ltr'><strong>asseclis</strong></span> <span class='ocrx_word' id='word_1_300' title='bbox 295 2335 441 2376; x_wconf 83' lang='lat' dir='ltr'><strong>nostris,</strong></span> <span class='ocrx_word' id='word_1_301' title='bbox 469 2340 504 2368; x_wconf 91' lang='lat' dir='ltr'><strong><em>et</em></strong></span> <span class='ocrx_word' id='word_1_302' title='bbox 528 2336 575 2368; x_wconf 84' lang='lat' dir='ltr'><strong>ita</strong></span> <span class='ocrx_word' id='word_1_303' title='bbox 602 2339 640 2367; x_wconf 90' lang='lat' dir='ltr'><strong>ut</strong></span> <span class='ocrx_word' id='word_1_304' title='bbox 662 2334 865 2367; x_wconf 84' lang='lat' dir='ltr'><strong>discernant</strong></span> <span class='ocrx_word' id='word_1_305' title='bbox 891 2342 1025 2367; x_wconf 89' lang='lat' dir='ltr'><strong>verum.</strong></span> <span class='ocrx_word' id='word_1_306' title='bbox 1058 2331 1151 2365; x_wconf 85' lang='lat' dir='ltr'><strong>hunc</strong></span> <span class='ocrx_word' id='word_1_307' title='bbox 1180 2331 1270 2364; x_wconf 89' lang='lat' dir='ltr'><strong>enim</strong></span> <span class='ocrx_word' id='word_1_308' title='bbox 1298 2332 1458 2364; x_wconf 86' lang='lat' dir='ltr'><strong>timorem</strong></span> <span class='ocrx_word' id='word_1_309' title='bbox 1488 2340 1594 2374; x_wconf 88' lang='lat' dir='ltr'><strong>quum</strong></span> 
     </span>
     <span class='ocr_line' id='line_1_34' title="bbox 121 2378 1595 2427; baseline -0.005 -10"><span class='ocrx_word' id='word_1_310' title='bbox 121 2392 190 2427; x_wconf 81' lang='lat' dir='ltr'><strong><em>ego</em></strong></span> <span class='ocrx_word' id='word_1_311' title='bbox 218 2383 479 2426; x_wconf 82' lang='lat' dir='ltr'><strong>protexuissem</strong></span> <span class='ocrx_word' id='word_1_312' title='bbox 520 2387 554 2415; x_wconf 88' lang='lat' dir='ltr'><strong><em>et</em></strong></span> <span class='ocrx_word' id='word_1_313' title='bbox 579 2381 720 2426; x_wconf 83' lang='lat' dir='ltr'><strong>longius</strong></span> <span class='ocrx_word' id='word_1_314' title='bbox 758 2382 793 2414; x_wconf 89' lang='lat' dir='ltr'><strong><em>in</em></strong></span> <span class='ocrx_word' id='word_1_315' title='bbox 819 2391 874 2414; x_wconf 88' lang='lat' dir='ltr'><strong><em>me</em></strong></span> <span class='ocrx_word' id='word_1_316' title='bbox 902 2382 1125 2421; x_wconf 66' lang='lat' dir='ltr'><strong>excussam,</strong></span> <span class='ocrx_word' id='word_1_317' title='bbox 1146 2379 1272 2413; x_wconf 86' lang='lat' dir='ltr'><strong>tradidi</strong></span> <span class='ocrx_word' id='word_1_318' title='bbox 1301 2388 1341 2411; x_wconf 85' lang='lat' dir='ltr'><strong><em>ea</em></strong></span> <span class='ocrx_word' id='word_1_319' title='bbox 1367 2388 1459 2422; x_wconf 84' lang='lat' dir='ltr'><strong>quae</strong></span> <span class='ocrx_word' id='word_1_320' title='bbox 1486 2378 1595 2411; x_wconf 86' lang='lat' dir='ltr'><strong>variis</strong></span> 
     </span>
     <span class='ocr_line' id='line_1_35' title="bbox 119 2425 1596 2474; baseline -0.005 -10"><span class='ocrx_word' id='word_1_321' title='bbox 119 2429 452 2474; x_wconf 81' lang='lat' dir='ltr'><strong>transcriptionibus</strong></span> <span class='ocrx_word' id='word_1_322' title='bbox 486 2429 707 2463; x_wconf 86' lang='lat' dir='ltr'><strong>diversorum</strong></span> <span class='ocrx_word' id='word_1_323' title='bbox 741 2439 904 2462; x_wconf 87' lang='lat' dir='ltr'><strong>manuum</strong></span> <span class='ocrx_word' id='word_1_324' title='bbox 946 2428 1039 2462; x_wconf 89' lang='lat' dir='ltr'><strong>bene</strong></span> <span class='ocrx_word' id='word_1_325' title='bbox 1083 2427 1317 2460; x_wconf 72' lang='lat' dir='ltr'><strong>exercitorum</strong></span> <span class='ocrx_word' id='word_1_326' title='bbox 1352 2425 1596 2459; x_wconf 84' lang='lat' dir='ltr'><strong>scriberentur</strong></span> 
     </span>
     <span class='ocr_line' id='line_1_36' title="bbox 122 2473 1594 2522; baseline -0.004 -11"><span class='ocrx_word' id='word_1_327' title='bbox 122 2477 248 2522; x_wconf 85' lang='lat' dir='ltr'><strong>partim</strong></span> <span class='ocrx_word' id='word_1_328' title='bbox 278 2488 370 2522; x_wconf 85' lang='lat' dir='ltr'><strong>quae</strong></span> <span class='ocrx_word' id='word_1_329' title='bbox 403 2478 598 2511; x_wconf 86' lang='lat' dir='ltr'><strong>domestico</strong></span> <span class='ocrx_word' id='word_1_330' title='bbox 635 2478 671 2510; x_wconf 86' lang='lat' dir='ltr'><strong><em>in</em></strong></span> <span class='ocrx_word' id='word_1_331' title='bbox 698 2487 763 2510; x_wconf 84' lang='lat' dir='ltr'><strong><em>usu</em></strong></span> <span class='ocrx_word' id='word_1_332' title='bbox 789 2481 929 2516; x_wconf 83' lang='lat' dir='ltr'><strong>essent,</strong></span> <span class='ocrx_word' id='word_1_333' title='bbox 955 2475 1079 2519; x_wconf 85' lang='lat' dir='ltr'><strong>partim</strong></span> <span class='ocrx_word' id='word_1_334' title='bbox 1115 2484 1206 2518; x_wconf 88' lang='lat' dir='ltr'><strong>quae</strong></span> <span class='ocrx_word' id='word_1_335' title='bbox 1234 2473 1356 2507; x_wconf 89' lang='lat' dir='ltr'><strong>amicis</strong></span> <span class='ocrx_word' id='word_1_336' title='bbox 1386 2473 1594 2517; x_wconf 80' lang='lat' dir='ltr'><strong>rogantibus</strong></span> 
     </span>
     <span class='ocr_line' id='line_1_37' title="bbox 118 2521 1191 2559; baseline -0.005 0"><span class='ocrx_word' id='word_1_337' title='bbox 118 2525 306 2559; x_wconf 78' lang='lat' dir='ltr'><strong>thesaurus</strong></span> <span class='ocrx_word' id='word_1_338' title='bbox 333 2530 372 2559; x_wconf 88' lang='lat' dir='ltr'><strong>ut</strong></span> <span class='ocrx_word' id='word_1_339' title='bbox 397 2526 446 2559; x_wconf 87' lang='lat' dir='ltr'><strong>ita</strong></span> <span class='ocrx_word' id='word_1_340' title='bbox 472 2525 593 2558; x_wconf 80' lang='lat' dir='ltr'><strong>dicunt</strong></span> <span class='ocrx_word' id='word_1_341' title='bbox 620 2529 740 2558; x_wconf 84' lang='lat' dir='ltr'><strong>essent</strong></span> <span class='ocrx_word' id='word_1_342' title='bbox 765 2533 867 2557; x_wconf 82' lang='lat' dir='ltr'><strong>sacer</strong></span> <span class='ocrx_word' id='word_1_343' title='bbox 895 2528 931 2556; x_wconf 89' lang='lat' dir='ltr'><strong><em>et</em></strong></span> <span class='ocrx_word' id='word_1_344' title='bbox 956 2521 1191 2557; x_wconf 82' lang='lat' dir='ltr'><strong>inviolabilis.</strong></span> 
     </span>
    </p>
   </div>
   <div class='ocr_carea' id='block_1_4' title="bbox 117 2584 1594 2823">
    <p class='ocr_par' dir='ltr' id='par_1_10' title="bbox 117 2584 1594 2823">
     <span class='ocr_line' id='line_1_38' title="bbox 251 2584 1592 2632; baseline -0.005 -9"><span class='ocrx_word' id='word_1_345' title='bbox 251 2588 321 2623; x_wconf 91' lang='lat' dir='ltr'><strong><em>Sed</em></strong></span> <span class='ocrx_word' id='word_1_346' title='bbox 339 2589 479 2622; x_wconf 86' lang='lat' dir='ltr'><strong>interea</strong></span> <span class='ocrx_word' id='word_1_347' title='bbox 505 2598 615 2632; x_wconf 89' lang='lat' dir='ltr'><strong>opere</strong></span> <span class='ocrx_word' id='word_1_348' title='bbox 646 2592 680 2620; x_wconf 77' lang='lat' dir='ltr'><strong><em>et</em></strong></span> <span class='ocrx_word' id='word_1_349' title='bbox 709 2586 835 2621; x_wconf 85' lang='lat' dir='ltr'><strong>labore</strong></span> <span class='ocrx_word' id='word_1_350' title='bbox 864 2592 1037 2630; x_wconf 80' lang='lat' dir='ltr'><strong>occupato</strong></span> <span class='ocrx_word' id='word_1_351' title='bbox 1069 2585 1232 2619; x_wconf 88' lang='lat' dir='ltr'><strong>Palamae</strong></span> <span class='ocrx_word' id='word_1_352' title='bbox 1260 2586 1356 2619; x_wconf 85' lang='lat' dir='ltr'><strong>vitae</strong></span> <span class='ocrx_word' id='word_1_353' title='bbox 1383 2585 1499 2619; x_wconf 87' lang='lat' dir='ltr'><strong>exitus</strong></span> <span class='ocrx_word' id='word_1_354' title='bbox 1526 2584 1592 2618; x_wconf 85' lang='lat' dir='ltr'><strong><em>ad-</em></strong></span> 
     </span>
     <span class='ocr_line' id='line_1_39' title="bbox 117 2633 1594 2679; baseline -0.005 -9"><span class='ocrx_word' id='word_1_355' title='bbox 117 2636 257 2670; x_wconf 88' lang='lat' dir='ltr'><strong>modum</strong></span> <span class='ocrx_word' id='word_1_356' title='bbox 280 2636 430 2670; x_wconf 84' lang='lat' dir='ltr'><strong>acerbus</strong></span> <span class='ocrx_word' id='word_1_357' title='bbox 457 2641 492 2670; x_wconf 87' lang='lat' dir='ltr'><strong><em>et</em></strong></span> <span class='ocrx_word' id='word_1_358' title='bbox 517 2636 630 2679; x_wconf 84' lang='lat' dir='ltr'><strong>turpis</strong></span> <span class='ocrx_word' id='word_1_359' title='bbox 657 2635 826 2676; x_wconf 82' lang='lat' dir='ltr'><strong>advenit,</strong></span> <span class='ocrx_word' id='word_1_360' title='bbox 854 2644 959 2679; x_wconf 92' lang='lat' dir='ltr'><strong>quum</strong></span> <span class='ocrx_word' id='word_1_361' title='bbox 986 2633 1161 2667; x_wconf 88' lang='lat' dir='ltr'><strong>incideret</strong></span> <span class='ocrx_word' id='word_1_362' title='bbox 1196 2634 1231 2666; x_wconf 88' lang='lat' dir='ltr'><strong><em>in</em></strong></span> <span class='ocrx_word' id='word_1_363' title='bbox 1259 2638 1466 2666; x_wconf 84' lang='lat' dir='ltr'><strong>consuetum</strong></span> <span class='ocrx_word' id='word_1_364' title='bbox 1494 2642 1594 2666; x_wconf 88' lang='lat' dir='ltr'><strong>mor-</strong></span> 
     </span>
     <span class='ocr_line' id='line_1_40' title="bbox 117 2681 1592 2728; baseline -0.003 -11"><span class='ocrx_word' id='word_1_365' title='bbox 117 2684 199 2718; x_wconf 86' lang='lat' dir='ltr'><strong>burn</strong></span> <span class='ocrx_word' id='word_1_366' title='bbox 223 2685 485 2726; x_wconf 84' lang='lat' dir='ltr'><strong>intestinorum,</strong></span> <span class='ocrx_word' id='word_1_367' title='bbox 512 2693 581 2728; x_wconf 90' lang='lat' dir='ltr'><strong><em>quo</em></strong></span> <span class='ocrx_word' id='word_1_368' title='bbox 612 2682 682 2716; x_wconf 89' lang='lat' dir='ltr'><strong>cibi</strong></span> <span class='ocrx_word' id='word_1_369' title='bbox 710 2693 754 2715; x_wconf 85' lang='lat' dir='ltr'><strong><em>ex</em></strong></span> <span class='ocrx_word' id='word_1_370' title='bbox 782 2682 888 2716; x_wconf 80' lang='lat' dir='ltr'><strong>alveo</strong></span> <span class='ocrx_word' id='word_1_371' title='bbox 914 2691 978 2725; x_wconf 84' lang='lat' dir='ltr'><strong><em>per</em></strong></span> <span class='ocrx_word' id='word_1_372' title='bbox 997 2690 1036 2715; x_wconf 82' lang='lat' dir='ltr'><strong><em>os</em></strong></span> <span class='ocrx_word' id='word_1_373' title='bbox 1057 2681 1341 2722; x_wconf 76' lang='lat' dir='ltr'><strong>retrudebantur,</strong></span> <span class='ocrx_word' id='word_1_374' title='bbox 1368 2685 1403 2713; x_wconf 84' lang='lat' dir='ltr'><strong><em>et</em></strong></span> <span class='ocrx_word' id='word_1_375' title='bbox 1426 2681 1462 2713; x_wconf 90' lang='lat' dir='ltr'><strong><em>in</em></strong></span> <span class='ocrx_word' id='word_1_376' title='bbox 1488 2689 1592 2713; x_wconf 87' lang='lat' dir='ltr'><strong>men-</strong></span> 
     </span>
     <span class='ocr_line' id='line_1_41' title="bbox 120 2726 1592 2772; baseline -0.003 -8"><span class='ocrx_word' id='word_1_377' title='bbox 120 2732 166 2765; x_wconf 85' lang='lat' dir='ltr'><strong>tis</strong></span> <span class='ocrx_word' id='word_1_378' title='bbox 192 2730 377 2772; x_wconf 88' lang='lat' dir='ltr'><strong>delirium,</strong></span> <span class='ocrx_word' id='word_1_379' title='bbox 410 2732 459 2764; x_wconf 86' lang='lat' dir='ltr'><strong>ita</strong></span> <span class='ocrx_word' id='word_1_380' title='bbox 484 2736 522 2764; x_wconf 89' lang='lat' dir='ltr'><strong>ut</strong></span> <span class='ocrx_word' id='word_1_381' title='bbox 561 2730 740 2763; x_wconf 86' lang='lat' dir='ltr'><strong>violenter</strong></span> <span class='ocrx_word' id='word_1_382' title='bbox 767 2735 802 2763; x_wconf 90' lang='lat' dir='ltr'><strong><em>et</em></strong></span> <span class='ocrx_word' id='word_1_383' title='bbox 828 2729 957 2762; x_wconf 82' lang='lat' dir='ltr'><strong>acerbe</strong></span> <span class='ocrx_word' id='word_1_384' title='bbox 997 2740 1015 2762; x_wconf 92' lang='lat' dir='ltr'><strong><em>e</em></strong></span> <span class='ocrx_word' id='word_1_385' title='bbox 1043 2729 1117 2762; x_wconf 87' lang='lat' dir='ltr'><strong>vita</strong></span> <span class='ocrx_word' id='word_1_386' title='bbox 1159 2726 1325 2772; x_wconf 73' lang='lat' dir='ltr'><strong>abreptus</strong></span> <span class='ocrx_word' id='word_1_387' title='bbox 1352 2728 1410 2762; x_wconf 87' lang='lat' dir='ltr'><strong>sit.</strong></span> <span class='ocrx_word' id='word_1_388' title='bbox 1464 2727 1592 2761; x_wconf 83' lang='lat' dir='ltr'><strong>deinde</strong></span> 
     </span>
     <span class='ocr_line' id='line_1_42' title="bbox 121 2775 1593 2823; baseline -0.001 -11"><span class='ocrx_word' id='word_1_389' title='bbox 121 2787 209 2813; x_wconf 84' lang='lat' dir='ltr'><strong>vero</strong></span> <span class='ocrx_word' id='word_1_390' title='bbox 238 2777 411 2813; x_wconf 83' lang='lat' dir='ltr'><strong>haeretici</strong></span> <span class='ocrx_word' id='word_1_391' title='bbox 445 2777 506 2813; x_wconf 80' lang='lat' dir='ltr'><strong>vel</strong></span> <span class='ocrx_word' id='word_1_392' title='bbox 531 2778 682 2812; x_wconf 82' lang='lat' dir='ltr'><strong>maximo</strong></span> <span class='ocrx_word' id='word_1_393' title='bbox 706 2777 849 2823; x_wconf 82' lang='lat' dir='ltr'><strong>cognati</strong></span> <span class='ocrx_word' id='word_1_394' title='bbox 884 2782 920 2811; x_wconf 86' lang='lat' dir='ltr'><strong><em>et</em></strong></span> <span class='ocrx_word' id='word_1_395' title='bbox 954 2776 1113 2812; x_wconf 81' lang='lat' dir='ltr'><strong>consocii</strong></span> <span class='ocrx_word' id='word_1_396' title='bbox 1153 2777 1253 2820; x_wconf 89' lang='lat' dir='ltr'><strong>eius,</strong></span> <span class='ocrx_word' id='word_1_397' title='bbox 1292 2776 1425 2822; x_wconf 86' lang='lat' dir='ltr'><strong>quique</strong></span> <span class='ocrx_word' id='word_1_398' title='bbox 1459 2775 1593 2822; x_wconf 80' lang='lat' dir='ltr'><strong>pariter</strong></span> 
     </span>
    </p>
   </div>
  </div>
 </body>
</html>
