<?xml version="1.0" encoding="UTF-8"?>
<!DOCTYPE html PUBLIC "-//W3C//DTD XHTML 1.0 Transitional//EN"
    "http://www.w3.org/TR/xhtml1/DTD/xhtml1-transitional.dtd">
<html xmlns="http://www.w3.org/1999/xhtml" xml:lang="en" lang="en">
 <head>
  <title>
</title>
<meta http-equiv="Content-Type" content="text/html;charset=utf-8" />
  <meta name='ocr-system' content='tesseract 3.04.00' />
  <meta name='ocr-capabilities' content='ocr_page ocr_carea ocr_par ocr_line ocrx_word'/>
</head>
<body>
  <div class='ocr_page' id='page_1' title='image "./corpusscriptorum40niebuoft_0361.png"; bbox 0 0 1826 3120; ppageno 0'>
   <div class='ocr_carea' id='block_1_1' title="bbox 447 390 467 399">
    <p class='ocr_par' dir='ltr' id='par_1_1' title="bbox 447 390 467 399">
     <span class='ocr_line' id='line_1_1' title="bbox 447 390 467 399; baseline 0 0"><span class='ocrx_word' id='word_1_1' title='bbox 447 390 467 399; x_wconf 53' lang='lat' dir='ltr'><strong>x</strong></span> 
     </span>
    </p>
   </div>
   <div class='ocr_carea' id='block_1_2' title="bbox 155 506 1804 625">
    <p class='ocr_par' dir='ltr' id='par_1_2' title="bbox 155 506 1804 625">
     <span class='ocr_line' id='line_1_2' title="bbox 155 506 1804 625; baseline -0.007 -26"><span class='ocrx_word' id='word_1_2' title='bbox 155 548 290 599; x_wconf 78' lang='grc' dir='ltr'><strong>ἸῸΥ</strong></span> <span class='ocrx_word' id='word_1_3' title='bbox 329 547 560 598; x_wconf 77' lang='grc' dir='ltr'><em>ΛΤΊὈΥ</em></span> <span class='ocrx_word' id='word_1_4' title='bbox 602 506 943 598; x_wconf 80' lang='lat' dir='ltr'><em>MONAXOY</em></span> <span class='ocrx_word' id='word_1_5' title='bbox 980 545 1388 597; x_wconf 80' lang='grc' dir='ltr'><em>ΝΙΚΗΦΟΡΟΥ</em></span> <span class='ocrx_word' id='word_1_6' title='bbox 1430 544 1565 595; x_wconf 80' lang='grc' dir='ltr'><strong>ἸὈΥ</strong></span> <span class='ocrx_word' id='word_1_7' title='bbox 1606 539 1698 625; x_wconf 57' lang='grc' dir='ltr'><strong>ξὲξό</strong></span> <span class='ocrx_word' id='word_1_8' title='bbox 1710 538 1804 587; x_wconf 70' lang='grc' dir='ltr'><strong>Βθε·</strong></span> 
     </span>
    </p>
   </div>
   <div class='ocr_carea' id='block_1_3' title="bbox 185 624 1769 767">
    <p class='ocr_par' dir='ltr' id='par_1_3' title="bbox 185 624 1769 767">
     <span class='ocr_line' id='line_1_3' title="bbox 185 624 1769 697; baseline -0.008 -14"><span class='ocrx_word' id='word_1_9' title='bbox 185 633 523 683; x_wconf 87' lang='grc' dir='ltr'><em>ΓΡΗΓΟΡΛ</em></span> <span class='ocrx_word' id='word_1_10' title='bbox 565 632 742 685; x_wconf 89' lang='grc' dir='ltr'><em>ΠΕΡΙ</em></span> <span class='ocrx_word' id='word_1_11' title='bbox 789 630 941 681; x_wconf 81' lang='grc' dir='ltr'><strong>ΤΩΝ</strong></span> <span class='ocrx_word' id='word_1_12' title='bbox 994 628 1240 697; x_wconf 80' lang='grc' dir='ltr'><em>ΑΥΤῼΝ</em></span> <span class='ocrx_word' id='word_1_13' title='bbox 1283 624 1533 677; x_wconf 84' lang='grc' dir='ltr'><em>ΛΟΓΟΣ</em></span> <span class='ocrx_word' id='word_1_14' title='bbox 1610 636 1635 672; x_wconf 75' lang='lat' dir='ltr'><strong>f.</strong></span> <span class='ocrx_word' id='word_1_15' title='bbox 1653 637 1720 672; x_wconf 82' lang='lat'><strong>165</strong></span> <span class='ocrx_word' id='word_1_16' title='bbox 1733 647 1769 671; x_wconf 79' lang='lat' dir='ltr'><strong>r.</strong></span> 
     </span>
     <span class='ocr_line' id='line_1_4' title="bbox 423 712 1293 767; baseline -0.01 0"><span class='ocrx_word' id='word_1_17' title='bbox 423 716 783 767; x_wconf 80' lang='grc' dir='ltr'><em>ΔΕΥΤΕΡΟΣ</em></span> <span class='ocrx_word' id='word_1_18' title='bbox 817 712 1293 766; x_wconf 84' lang='grc' dir='ltr'><em>ΔΟΓΜΑΤΙΚΟΣ.</em></span> 
     </span>
    </p>
   </div>
   <div class='ocr_carea' id='block_1_4' title="bbox 62 903 1596 1850">
    <p class='ocr_par' dir='ltr' id='par_1_4' title="bbox 62 903 1596 1850">
     <span class='ocr_line' id='line_1_5' title="bbox 258 903 1596 971; baseline -0.008 -12"><span class='ocrx_word' id='word_1_19' title='bbox 258 913 320 959; x_wconf 77' lang='grc' dir='ltr'><strong>Τὰ</strong></span> <span class='ocrx_word' id='word_1_20' title='bbox 351 916 429 970; x_wconf 83' lang='grc' dir='ltr'>μὲν</span> <span class='ocrx_word' id='word_1_21' title='bbox 449 915 500 971; x_wconf 82' lang='grc' dir='ltr'><strong>δὴ</strong></span> <span class='ocrx_word' id='word_1_22' title='bbox 519 916 650 970; x_wconf 86' lang='grc' dir='ltr'>μέχρι</span> <span class='ocrx_word' id='word_1_23' title='bbox 670 915 742 956; x_wconf 84' lang='grc' dir='ltr'>καί</span> <span class='ocrx_word' id='word_1_24' title='bbox 771 914 813 963; x_wconf 81' lang='grc' dir='ltr'><strong>ές</strong></span> <span class='ocrx_word' id='word_1_25' title='bbox 841 911 937 955; x_wconf 78' lang='grc' dir='ltr'>τόδε</span> <span class='ocrx_word' id='word_1_26' title='bbox 959 927 1026 954; x_wconf 89' lang='grc' dir='ltr'><strong>σοι</strong></span> <span class='ocrx_word' id='word_1_27' title='bbox 1057 911 1271 966; x_wconf 80' lang='grc' dir='ltr'>εἰρημένα,</span> <span class='ocrx_word' id='word_1_28' title='bbox 1293 909 1428 966; x_wconf 69' lang='grc' dir='ltr'>φίλων</span> <span class='ocrx_word' id='word_1_29' title='bbox 1447 903 1596 962; x_wconf 77' lang='grc' dir='ltr'>ἄριστε</span> 
     </span>
     <span class='ocr_line' id='line_1_6' title="bbox 84 972 1595 1039; baseline -0.009 -11"><span class='ocrx_word' id='word_1_30' title='bbox 84 981 389 1039; x_wconf 75' lang='grc' dir='ltr'>δἈγαθόνικε,</span> <span class='ocrx_word' id='word_1_31' title='bbox 431 983 596 1037; x_wconf 79' lang='grc' dir='ltr'><strong><em>δαψιλῆ</em></strong></span> <span class='ocrx_word' id='word_1_32' title='bbox 625 997 698 1035; x_wconf 93' lang='grc' dir='ltr'>μοι</span> <span class='ocrx_word' id='word_1_33' title='bbox 743 981 961 1036; x_wconf 77' lang='grc' dir='ltr'><strong><em>παρέσχον</em></strong></span> <span class='ocrx_word' id='word_1_34' title='bbox 996 980 1071 1021; x_wconf 81' lang='grc' dir='ltr'><em>καί</em></span> <span class='ocrx_word' id='word_1_35' title='bbox 1101 978 1157 1027; x_wconf 77' lang='grc' dir='ltr'><strong>ὥς</strong></span> <span class='ocrx_word' id='word_1_36' title='bbox 1186 976 1315 1033; x_wconf 82' lang='grc' dir='ltr'>ἔγωγε</span> <span class='ocrx_word' id='word_1_37' title='bbox 1356 972 1595 1031; x_wconf 80' lang='grc' dir='ltr'>ἐβουλόμην</span> 
     </span>
     <span class='ocr_line' id='line_1_7' title="bbox 118 1040 1596 1106; baseline -0.008 -11"><span class='ocrx_word' id='word_1_38' title='bbox 118 1050 194 1106; x_wconf 71' lang='lat' dir='ltr'><strong>rrjv</strong></span> <span class='ocrx_word' id='word_1_39' title='bbox 219 1054 323 1103; x_wconf 83' lang='grc' dir='ltr'>τέως</span> <span class='ocrx_word' id='word_1_40' title='bbox 351 1053 434 1094; x_wconf 74' lang='grc' dir='ltr'><strong>τῶν</strong></span> <span class='ocrx_word' id='word_1_41' title='bbox 484 1052 750 1104; x_wconf 79' lang='grc' dir='ltr'>ζητουμένων</span> <span class='ocrx_word' id='word_1_42' title='bbox 788 1047 986 1102; x_wconf 77' lang='grc' dir='ltr'>σύνεσιν,</span> <span class='ocrx_word' id='word_1_43' title='bbox 1030 1048 1104 1089; x_wconf 82' lang='grc' dir='ltr'>καί</span> <span class='ocrx_word' id='word_1_44' title='bbox 1133 1043 1261 1101; x_wconf 79' lang='grc' dir='ltr'>χάρις</span> <span class='ocrx_word' id='word_1_45' title='bbox 1295 1043 1359 1099; x_wconf 83' lang='grc' dir='ltr'><strong>εἴη</strong></span> <span class='ocrx_word' id='word_1_46' title='bbox 1390 1059 1458 1086; x_wconf 89' lang='grc' dir='ltr'><strong>σοι</strong></span> <span class='ocrx_word' id='word_1_47' title='bbox 1488 1040 1596 1097; x_wconf 84' lang='grc' dir='ltr'>πρὸς</span> 
     </span>
     <span class='ocr_line' id='line_1_8' title="bbox 120 1110 1594 1168; baseline -0.008 -5"><span class='ocrx_word' id='word_1_48' title='bbox 120 1119 242 1162; x_wconf 81' lang='grc' dir='ltr'>θεὸν·</span> <span class='ocrx_word' id='word_1_49' title='bbox 317 1120 578 1162; x_wconf 79' lang='grc' dir='ltr'><strong><em>ἐλλέλειπται</em></strong></span> <span class='ocrx_word' id='word_1_50' title='bbox 625 1118 660 1159; x_wconf 84' lang='grc' dir='ltr'><strong>δ’</strong></span> <span class='ocrx_word' id='word_1_51' title='bbox 707 1110 784 1159; x_wconf 76' lang='grc' dir='ltr'><strong>οὖν</strong></span> <span class='ocrx_word' id='word_1_52' title='bbox 812 1131 877 1158; x_wconf 92' lang='grc' dir='ltr'><strong>σοι</strong></span> <span class='ocrx_word' id='word_1_53' title='bbox 916 1117 997 1158; x_wconf 78' lang='grc' dir='ltr'><strong>τῶν</strong></span> <span class='ocrx_word' id='word_1_54' title='bbox 1036 1115 1128 1157; x_wconf 80' lang='grc' dir='ltr'>ἐκεῖ</span> <span class='ocrx_word' id='word_1_55' title='bbox 1156 1110 1261 1168; x_wconf 77' lang='grc' dir='ltr'>πρὸς</span> <span class='ocrx_word' id='word_1_56' title='bbox 1290 1113 1366 1154; x_wconf 84' lang='grc' dir='ltr'><strong>τοῦ</strong></span> <span class='ocrx_word' id='word_1_57' title='bbox 1395 1111 1594 1163; x_wconf 83' lang='grc' dir='ltr'>Παλαμᾶ</span> 
     </span>
     <span class='ocr_line' id='line_1_9' title="bbox 119 1177 1595 1241; baseline -0.007 -13"><span class='ocrx_word' id='word_1_58' title='bbox 119 1186 388 1241; x_wconf 78' lang='grc' dir='ltr'>λαληθέντων</span> <span class='ocrx_word' id='word_1_59' title='bbox 417 1182 534 1241; x_wconf 76' lang='grc' dir='ltr'>ἔνιοι,</span> <span class='ocrx_word' id='word_1_60' title='bbox 582 1184 639 1233; x_wconf 77' lang='grc' dir='ltr'><strong>ὥς</strong></span> <span class='ocrx_word' id='word_1_61' title='bbox 679 1183 803 1226; x_wconf 73' lang='grc' dir='ltr'>ἔνι’ων</span> <span class='ocrx_word' id='word_1_62' title='bbox 849 1184 940 1224; x_wconf 77' lang='grc' dir='ltr'>ἐκεῖ</span> <span class='ocrx_word' id='word_1_63' title='bbox 974 1178 1194 1237; x_wconf 79' lang='grc' dir='ltr'>παρόντων</span> <span class='ocrx_word' id='word_1_64' title='bbox 1240 1177 1400 1233; x_wconf 77' lang='grc' dir='ltr'>α’κὴκοα</span> <span class='ocrx_word' id='word_1_65' title='bbox 1442 1178 1595 1234; x_wconf 78' lang='grc' dir='ltr'>φίλων,</span> 
     </span>
     <span class='ocr_line' id='line_1_10' title="bbox 119 1244 1594 1309; baseline -0.007 -12"><span class='ocrx_word' id='word_1_66' title='bbox 119 1253 266 1309; x_wconf 78' lang='grc' dir='ltr'>σαθρὰ</span> <span class='ocrx_word' id='word_1_67' title='bbox 296 1256 374 1307; x_wconf 82' lang='grc' dir='ltr'>μὲν</span> <span class='ocrx_word' id='word_1_68' title='bbox 404 1254 477 1296; x_wconf 84' lang='grc' dir='ltr'><em>καί</em></span> <span class='ocrx_word' id='word_1_69' title='bbox 503 1254 633 1295; x_wconf 79' lang='grc' dir='ltr'>πλείω</span> <span class='ocrx_word' id='word_1_70' title='bbox 665 1254 737 1307; x_wconf 79' lang='grc' dir='ltr'><strong>τῆς</strong></span> <span class='ocrx_word' id='word_1_71' title='bbox 769 1252 968 1305; x_wconf 84' lang='grc' dir='ltr'>α’σεβειάς</span> <span class='ocrx_word' id='word_1_72' title='bbox 997 1250 1073 1305; x_wconf 77' lang='grc' dir='ltr'><strong>τὴν</strong></span> <span class='ocrx_word' id='word_1_73' title='bbox 1102 1249 1297 1302; x_wconf 86' lang='grc' dir='ltr'>οἷμαθιάν</span> <span class='ocrx_word' id='word_1_74' title='bbox 1325 1244 1495 1301; x_wconf 80' lang='grc' dir='ltr'>ἔχοντα,</span> <span class='ocrx_word' id='word_1_75' title='bbox 1524 1246 1594 1286; x_wconf 82' lang='grc' dir='ltr'><strong>έλ-</strong></span> 
     </span>
     <span class='ocr_line' id='line_1_11' title="bbox 65 1310 1595 1377; baseline -0.007 -13"><span class='ocrx_word' id='word_1_76' title='bbox 65 1332 109 1369; x_wconf 86' lang='lat' dir='ltr'><strong>1o</strong></span> <span class='ocrx_word' id='word_1_77' title='bbox 123 1323 334 1364; x_wconf 72' lang='grc' dir='ltr'>λέλειπται</span> <span class='ocrx_word' id='word_1_78' title='bbox 359 1321 399 1362; x_wconf 85' lang='grc' dir='ltr'><strong>δ’</strong></span> <span class='ocrx_word' id='word_1_79' title='bbox 429 1315 519 1374; x_wconf 69' lang='grc' dir='ltr'><strong>οὖν,</strong></span> <span class='ocrx_word' id='word_1_80' title='bbox 550 1319 745 1377; x_wconf 76' lang='grc' dir='ltr'>ῥηθῆναί</span> <span class='ocrx_word' id='word_1_81' title='bbox 765 1334 832 1361; x_wconf 90' lang='grc' dir='ltr'><strong>σοι</strong></span> <span class='ocrx_word' id='word_1_82' title='bbox 865 1320 959 1360; x_wconf 82' lang='grc' dir='ltr'>δέον</span> <span class='ocrx_word' id='word_1_83' title='bbox 988 1319 1061 1359; x_wconf 82' lang='grc' dir='ltr'><em>καί</em></span> <span class='ocrx_word' id='word_1_84' title='bbox 1086 1318 1222 1359; x_wconf 82' lang='grc' dir='ltr'>ταῦτα</span> <span class='ocrx_word' id='word_1_85' title='bbox 1251 1312 1358 1370; x_wconf 85' lang='grc' dir='ltr'>πρὸς</span> <span class='ocrx_word' id='word_1_86' title='bbox 1383 1310 1427 1356; x_wconf 82' lang='grc' dir='ltr'><strong>τὸ</strong></span> <span class='ocrx_word' id='word_1_87' title='bbox 1459 1314 1595 1369; x_wconf 85' lang='grc' dir='ltr'>σαφέ-</span> 
     </span>
     <span class='ocr_line' id='line_1_12' title="bbox 122 1375 1593 1444; baseline -0.006 -13"><span class='ocrx_word' id='word_1_88' title='bbox 122 1403 269 1444; x_wconf 77' lang='grc' dir='ltr'>στερον</span> <span class='ocrx_word' id='word_1_89' title='bbox 296 1386 467 1430; x_wconf 75' lang='grc' dir='ltr'>α’κοιῖειν</span> <span class='ocrx_word' id='word_1_90' title='bbox 497 1389 734 1443; x_wconf 82' lang='grc' dir='ltr'>ἐφιεμένων</span> <span class='ocrx_word' id='word_1_91' title='bbox 758 1386 895 1441; x_wconf 79' lang='grc' dir='ltr'>ᾗμῶν.</span> <span class='ocrx_word' id='word_1_92' title='bbox 958 1385 1308 1427; x_wconf 80' lang='grc' dir='ltr'>α’νατεθολῶσθαι</span> <span class='ocrx_word' id='word_1_93' title='bbox 1329 1379 1410 1437; x_wconf 79' lang='grc' dir='ltr'><strong>γάρ</strong></span> <span class='ocrx_word' id='word_1_94' title='bbox 1446 1375 1515 1423; x_wconf 80' lang='grc' dir='ltr'><em>ἇεὶ</em></span> <span class='ocrx_word' id='word_1_95' title='bbox 1542 1377 1593 1422; x_wconf 72' lang='lat' dir='ltr'><strong>td</strong></span> 
     </span>
     <span class='ocr_line' id='line_1_13' title="bbox 121 1448 1596 1510; baseline -0.005 -13"><span class='ocrx_word' id='word_1_96' title='bbox 121 1456 195 1510; x_wconf 83' lang='grc' dir='ltr'><strong>τῆς</strong></span> <span class='ocrx_word' id='word_1_97' title='bbox 225 1455 361 1497; x_wconf 64' lang='grc' dir='ltr'>αὐτοῦ</span> <span class='ocrx_word' id='word_1_98' title='bbox 391 1456 644 1507; x_wconf 72' lang='grc' dir='ltr'>δυσσεβείας</span> <span class='ocrx_word' id='word_1_99' title='bbox 676 1456 808 1510; x_wconf 81' lang='grc' dir='ltr'>φασί,</span> <span class='ocrx_word' id='word_1_100' title='bbox 854 1453 907 1508; x_wconf 83' lang='grc' dir='ltr'><strong>τῇ</strong></span> <span class='ocrx_word' id='word_1_101' title='bbox 939 1450 1118 1507; x_wconf 76' lang='grc' dir='ltr'>συνήθει</span> <span class='ocrx_word' id='word_1_102' title='bbox 1147 1452 1219 1505; x_wconf 79' lang='grc' dir='ltr'><strong>τῆς</strong></span> <span class='ocrx_word' id='word_1_103' title='bbox 1246 1450 1430 1504; x_wconf 75' lang='grc' dir='ltr'><strong>γλώττης</strong></span> <span class='ocrx_word' id='word_1_104' title='bbox 1459 1448 1596 1506; x_wconf 69' lang='grc' dir='ltr'>α’ωρίᾳ</span> 
     </span>
     <span class='ocr_line' id='line_1_14' title="bbox 119 1515 1595 1579; baseline -0.005 -15"><span class='ocrx_word' id='word_1_105' title='bbox 119 1519 258 1579; x_wconf 77' lang='grc' dir='ltr'>πάσης</span> <span class='ocrx_word' id='word_1_106' title='bbox 302 1519 359 1572; x_wconf 75' lang='grc' dir='ltr'><strong>ὦς</strong></span> <span class='ocrx_word' id='word_1_107' title='bbox 398 1522 663 1577; x_wconf 76' lang='grc' dir='ltr'>πορρωτάτω</span> <span class='ocrx_word' id='word_1_108' title='bbox 693 1520 950 1575; x_wconf 50' lang='grc' dir='ltr'>,βαδίζοντος</span> <span class='ocrx_word' id='word_1_109' title='bbox 989 1519 1193 1574; x_wconf 81' lang='grc' dir='ltr'>α’ληθειάς</span> <span class='ocrx_word' id='word_1_110' title='bbox 1237 1516 1310 1559; x_wconf 76' lang='grc' dir='ltr'>καί</span> <span class='ocrx_word' id='word_1_111' title='bbox 1346 1515 1595 1570; x_wconf 80' lang='grc' dir='ltr'>ἐπιστήμης,</span> 
     </span>
     <span class='ocr_line' id='line_1_15' title="bbox 120 1580 1595 1644; baseline -0.005 -12"><span class='ocrx_word' id='word_1_112' title='bbox 120 1587 305 1644; x_wconf 76' lang='grc' dir='ltr'>μάλιστα</span> <span class='ocrx_word' id='word_1_113' title='bbox 337 1591 376 1632; x_wconf 83' lang='grc' dir='ltr'><strong>δ’</strong></span> <span class='ocrx_word' id='word_1_114' title='bbox 404 1584 480 1631; x_wconf 73' lang='grc' dir='ltr'><strong>οὖν</strong></span> <span class='ocrx_word' id='word_1_115' title='bbox 509 1587 552 1631; x_wconf 79' lang='grc' dir='ltr'><strong>ἐν</strong></span> <span class='ocrx_word' id='word_1_116' title='bbox 581 1587 756 1644; x_wconf 76' lang='grc' dir='ltr'>τούτοις,</span> <span class='ocrx_word' id='word_1_117' title='bbox 787 1586 868 1630; x_wconf 78' lang='grc' dir='ltr'>εἴτε</span> <span class='ocrx_word' id='word_1_118' title='bbox 902 1588 972 1629; x_wconf 81' lang='grc' dir='ltr'><strong>διὰ</strong></span> <span class='ocrx_word' id='word_1_119' title='bbox 1006 1588 1097 1636; x_wconf 85' lang='grc' dir='ltr'>δέος</span> <span class='ocrx_word' id='word_1_120' title='bbox 1127 1580 1176 1642; x_wconf 83' lang='grc' dir='ltr'><strong>ἦς</strong></span> <span class='ocrx_word' id='word_1_121' title='bbox 1205 1587 1395 1628; x_wconf 83' lang='grc' dir='ltr'>πείσεται</span> <span class='ocrx_word' id='word_1_122' title='bbox 1425 1585 1595 1639; x_wconf 82' lang='grc' dir='ltr'>μακρᾶς</span> 
     </span>
     <span class='ocr_line' id='line_1_16' title="bbox 62 1651 1596 1715; baseline -0.007 -13"><span class='ocrx_word' id='word_1_123' title='bbox 62 1670 107 1706; x_wconf 85' lang='grc'><strong>15</strong></span> <span class='ocrx_word' id='word_1_124' title='bbox 120 1655 340 1715; x_wconf 74' lang='grc' dir='ltr'>αἰσχύνης,</span> <span class='ocrx_word' id='word_1_125' title='bbox 369 1655 455 1700; x_wconf 82' lang='grc' dir='ltr'>εἴτε</span> <span class='ocrx_word' id='word_1_126' title='bbox 486 1656 558 1700; x_wconf 78' lang='grc' dir='ltr'>καί</span> <span class='ocrx_word' id='word_1_127' title='bbox 584 1662 828 1710; x_wconf 82' lang='grc' dir='ltr'>συμπῖπτον</span> <span class='ocrx_word' id='word_1_128' title='bbox 859 1651 971 1700; x_wconf 74' lang='grc' dir='ltr'>οὕτω</span> <span class='ocrx_word' id='word_1_129' title='bbox 999 1656 1068 1697; x_wconf 79' lang='grc' dir='ltr'><strong>διά</strong></span> <span class='ocrx_word' id='word_1_130' title='bbox 1102 1653 1148 1697; x_wconf 86' lang='grc' dir='ltr'><strong><em>τὸ</em></strong></span> <span class='ocrx_word' id='word_1_131' title='bbox 1188 1657 1258 1710; x_wconf 79' lang='grc' dir='ltr'><strong>τῆς</strong></span> <span class='ocrx_word' id='word_1_132' title='bbox 1290 1655 1481 1709; x_wconf 79' lang='grc' dir='ltr'>ἐμφύτου</span> <span class='ocrx_word' id='word_1_133' title='bbox 1510 1666 1596 1704; x_wconf 88' lang='grc' dir='ltr'>μο-</span> 
     </span>
     <span class='ocr_line' id='line_1_17' title="bbox 117 1721 1594 1782; baseline -0.005 -14"><span class='ocrx_word' id='word_1_134' title='bbox 117 1727 308 1782; x_wconf 82' lang='grc' dir='ltr'>χθηριάς</span> <span class='ocrx_word' id='word_1_135' title='bbox 338 1724 560 1781; x_wconf 79' lang='grc' dir='ltr'>α’λόγιστον</span> <span class='ocrx_word' id='word_1_136' title='bbox 602 1722 712 1774; x_wconf 83' lang='grc' dir='ltr'>ἔθος.</span> <span class='ocrx_word' id='word_1_137' title='bbox 782 1725 856 1766; x_wconf 83' lang='grc' dir='ltr'><strong><em>καί</em></strong></span> <span class='ocrx_word' id='word_1_138' title='bbox 891 1722 960 1766; x_wconf 80' lang='grc' dir='ltr'><strong>ἵνα</strong></span> <span class='ocrx_word' id='word_1_139' title='bbox 993 1721 1051 1765; x_wconf 85' lang='grc' dir='ltr'><strong>τοὶ-</strong></span> <span class='ocrx_word' id='word_1_140' title='bbox 1088 1727 1262 1766; x_wconf 84' lang='grc' dir='ltr'>πλεῖστα</span> <span class='ocrx_word' id='word_1_141' title='bbox 1303 1722 1357 1764; x_wconf 82' lang='grc' dir='ltr'><strong>δι’</strong></span> <span class='ocrx_word' id='word_1_142' title='bbox 1394 1721 1594 1776; x_wconf 83' lang='grc' dir='ltr'>α’καιριάν</span> 
     </span>
     <span class='ocr_line' id='line_1_18' title="bbox 118 1785 1596 1850; baseline -0.003 -15"><span class='ocrx_word' id='word_1_143' title='bbox 118 1794 270 1848; x_wconf 71' lang='grc' dir='ltr'>παρείς</span> <span class='ocrx_word' id='word_1_144' title='bbox 292 1785 476 1850; x_wconf 72' lang='grc' dir='ltr'>μετρίων</span> <span class='ocrx_word' id='word_1_145' title='bbox 502 1794 696 1850; x_wconf 76' lang='grc' dir='ltr'>μνησθῶ,</span> <span class='ocrx_word' id='word_1_146' title='bbox 726 1789 771 1834; x_wconf 80' lang='grc' dir='ltr'><strong>ἓν</strong></span> <span class='ocrx_word' id='word_1_147' title='bbox 799 1793 878 1846; x_wconf 80' lang='grc' dir='ltr'>μὲν</span> <span class='ocrx_word' id='word_1_148' title='bbox 911 1791 984 1834; x_wconf 83' lang='grc' dir='ltr'>καί</span> <span class='ocrx_word' id='word_1_149' title='bbox 1011 1792 1177 1848; x_wconf 81' lang='grc' dir='ltr'>πρῶτον</span> <span class='ocrx_word' id='word_1_150' title='bbox 1208 1792 1339 1833; x_wconf 81' lang='grc' dir='ltr'>ε’κεῖνο</span> <span class='ocrx_word' id='word_1_151' title='bbox 1367 1791 1453 1831; x_wconf 70' lang='grc' dir='ltr'><strong>τῶν</strong></span> <span class='ocrx_word' id='word_1_152' title='bbox 1482 1803 1596 1842; x_wconf 86' lang='grc' dir='ltr'>παρ-</span> 
     </span>
    </p>
   </div>
   <div class='ocr_carea' id='block_1_5' title="bbox 155 1976 1559 2142">
    <p class='ocr_par' dir='ltr' id='par_1_5' title="bbox 155 1976 1559 2142">
     <span class='ocr_line' id='line_1_19' title="bbox 187 1976 1524 2031; baseline -0.002 -2"><span class='ocrx_word' id='word_1_153' title='bbox 187 1979 463 2031; x_wconf 89' lang='lat' dir='ltr'>EIUSDEM</span> <span class='ocrx_word' id='word_1_154' title='bbox 495 1978 779 2028; x_wconf 90' lang='lat' dir='ltr'><strong>MONACHI</strong></span> <span class='ocrx_word' id='word_1_155' title='bbox 814 1977 1144 2028; x_wconf 84' lang='lat' dir='ltr'>NICEPHORI</span> <span class='ocrx_word' id='word_1_156' title='bbox 1186 1976 1524 2027; x_wconf 88' lang='lat' dir='ltr'><strong>GREGORAE</strong></span> 
     </span>
     <span class='ocr_line' id='line_1_20' title="bbox 155 2058 1559 2142; baseline -0.004 -28"><span class='ocrx_word' id='word_1_157' title='bbox 155 2065 239 2114; x_wconf 92' lang='lat' dir='ltr'><strong>DE</strong></span> <span class='ocrx_word' id='word_1_158' title='bbox 274 2063 509 2115; x_wconf 89' lang='lat' dir='ltr'>EISDEM</span> <span class='ocrx_word' id='word_1_159' title='bbox 545 2063 755 2114; x_wconf 89' lang='lat' dir='ltr'>SERMO</span> <span class='ocrx_word' id='word_1_160' title='bbox 780 2061 1099 2142; x_wconf 86' lang='lat' dir='ltr'>SECUNDUS</span> <span class='ocrx_word' id='word_1_161' title='bbox 1139 2058 1559 2111; x_wconf 86' lang='lat' dir='ltr'>DOGMATICUS.</span> 
     </span>
    </p>
   </div>
   <div class='ocr_carea' id='block_1_6' title="bbox 712 2184 993 2191">
    <p class='ocr_par' dir='ltr' id='par_1_6' title="bbox 712 2184 993 2191">
     <span class='ocr_line' id='line_1_21' title="bbox 712 2184 993 2191; baseline 0 929"><span class='ocrx_word' id='word_1_162' title='bbox 712 2184 993 2191; x_wconf 95' lang='lat' dir='ltr'><strong> </strong></span> 
     </span>
    </p>
   </div>
   <div class='ocr_carea' id='block_1_7' title="bbox 124 2259 1597 2785">
    <p class='ocr_par' dir='ltr' id='par_1_7' title="bbox 124 2259 1597 2785">
     <span class='ocr_line' id='line_1_22' title="bbox 260 2259 1596 2306; baseline -0.002 -10"><span class='ocrx_word' id='word_1_163' title='bbox 260 2262 359 2305; x_wconf 87' lang='lat' dir='ltr'><strong>Quae</strong></span> <span class='ocrx_word' id='word_1_164' title='bbox 385 2261 500 2296; x_wconf 80' lang='lat' dir='ltr'><strong>adhuc</strong></span> <span class='ocrx_word' id='word_1_165' title='bbox 528 2261 620 2295; x_wconf 86' lang='lat' dir='ltr'><strong>dicta</strong></span> <span class='ocrx_word' id='word_1_166' title='bbox 648 2266 731 2295; x_wconf 86' lang='lat' dir='ltr'><strong>sunt</strong></span> <span class='ocrx_word' id='word_1_167' title='bbox 757 2271 777 2295; x_wconf 83' lang='lat' dir='ltr'><strong>a</strong></span> <span class='ocrx_word' id='word_1_168' title='bbox 803 2267 852 2303; x_wconf 85' lang='lat' dir='ltr'><strong>te,</strong></span> <span class='ocrx_word' id='word_1_169' title='bbox 881 2262 1096 2295; x_wconf 79' lang='lat' dir='ltr'><strong>amicissime</strong></span> <span class='ocrx_word' id='word_1_170' title='bbox 1121 2261 1362 2306; x_wconf 81' lang='lat' dir='ltr'><strong>Agothonice‚</strong></span> <span class='ocrx_word' id='word_1_171' title='bbox 1388 2261 1474 2295; x_wconf 79' lang='lat' dir='ltr'><strong>satis</strong></span> <span class='ocrx_word' id='word_1_172' title='bbox 1499 2259 1596 2295; x_wconf 81' lang='lat' dir='ltr'><strong>mul-</strong></span> 
     </span>
     <span class='ocr_line' id='line_1_23' title="bbox 125 2309 1595 2355; baseline -0.001 -11"><span class='ocrx_word' id='word_1_173' title='bbox 125 2315 195 2345; x_wconf 82' lang='lat' dir='ltr'><strong>tam</strong></span> <span class='ocrx_word' id='word_1_174' title='bbox 225 2315 261 2343; x_wconf 83' lang='lat' dir='ltr'><strong>et</strong></span> <span class='ocrx_word' id='word_1_175' title='bbox 286 2319 388 2355; x_wconf 87' lang='lat' dir='ltr'><strong>quam</strong></span> <span class='ocrx_word' id='word_1_176' title='bbox 417 2309 579 2354; x_wconf 80' lang='lat' dir='ltr'><strong>equidem</strong></span> <span class='ocrx_word' id='word_1_177' title='bbox 607 2309 772 2343; x_wconf 88' lang='lat' dir='ltr'><strong>volebam</strong></span> <span class='ocrx_word' id='word_1_178' title='bbox 801 2319 922 2342; x_wconf 88' lang='lat' dir='ltr'><strong>eorum</strong></span> <span class='ocrx_word' id='word_1_179' title='bbox 958 2320 1049 2355; x_wconf 87' lang='lat' dir='ltr'><strong>quae</strong></span> <span class='ocrx_word' id='word_1_180' title='bbox 1081 2311 1326 2354; x_wconf 78' lang='lat' dir='ltr'><strong>quaesiveram</strong></span> <span class='ocrx_word' id='word_1_181' title='bbox 1354 2309 1595 2353; x_wconf 87' lang='lat' dir='ltr'><strong>cognitionem</strong></span> 
     </span>
     <span class='ocr_line' id='line_1_24' title="bbox 125 2356 1596 2402; baseline -0.001 -10"><span class='ocrx_word' id='word_1_182' title='bbox 125 2357 212 2392; x_wconf 86' lang='lat' dir='ltr'><strong>mihi</strong></span> <span class='ocrx_word' id='word_1_183' title='bbox 238 2362 466 2402; x_wconf 77' lang='lat' dir='ltr'><strong>paraverunt.</strong></span> <span class='ocrx_word' id='word_1_184' title='bbox 517 2362 623 2401; x_wconf 85' lang='lat' dir='ltr'><strong>atque</strong></span> <span class='ocrx_word' id='word_1_185' title='bbox 657 2358 772 2401; x_wconf 84' lang='lat' dir='ltr'><strong>gratia</strong></span> <span class='ocrx_word' id='word_1_186' title='bbox 801 2357 864 2390; x_wconf 88' lang='lat' dir='ltr'><strong>tibi</strong></span> <span class='ocrx_word' id='word_1_187' title='bbox 899 2367 918 2390; x_wconf 89' lang='lat' dir='ltr'><strong>a</strong></span> <span class='ocrx_word' id='word_1_188' title='bbox 945 2358 1025 2391; x_wconf 89' lang='lat' dir='ltr'><strong>deo.</strong></span> <span class='ocrx_word' id='word_1_189' title='bbox 1077 2363 1158 2391; x_wconf 84' lang='lat' dir='ltr'><strong>sunt</strong></span> <span class='ocrx_word' id='word_1_190' title='bbox 1195 2362 1310 2391; x_wconf 84' lang='lat' dir='ltr'><strong>autem</strong></span> <span class='ocrx_word' id='word_1_191' title='bbox 1346 2367 1390 2390; x_wconf 86' lang='lat' dir='ltr'><strong>ex</strong></span> <span class='ocrx_word' id='word_1_192' title='bbox 1418 2356 1547 2391; x_wconf 86' lang='lat' dir='ltr'><strong>ibidem</strong></span> <span class='ocrx_word' id='word_1_193' title='bbox 1576 2367 1596 2390; x_wconf 81' lang='lat' dir='ltr'><strong>a</strong></span> 
     </span>
     <span class='ocr_line' id='line_1_25' title="bbox 126 2404 1597 2450; baseline -0.002 -10"><span class='ocrx_word' id='word_1_194' title='bbox 126 2405 269 2440; x_wconf 78' lang='lat' dir='ltr'><strong>Palama</strong></span> <span class='ocrx_word' id='word_1_195' title='bbox 294 2405 398 2439; x_wconf 79' lang='lat' dir='ltr'><strong>dictis</strong></span> <span class='ocrx_word' id='word_1_196' title='bbox 423 2404 599 2438; x_wconf 83' lang='lat' dir='ltr'><strong>nonnuna</strong></span> <span class='ocrx_word' id='word_1_197' title='bbox 627 2405 689 2438; x_wconf 88' lang='lat' dir='ltr'><strong>tibi</strong></span> <span class='ocrx_word' id='word_1_198' title='bbox 719 2404 859 2446; x_wconf 83' lang='lat' dir='ltr'><strong>relicta3</strong></span> <span class='ocrx_word' id='word_1_199' title='bbox 884 2410 923 2438; x_wconf 90' lang='lat' dir='ltr'><strong>ut</strong></span> <span class='ocrx_word' id='word_1_200' title='bbox 947 2415 966 2438; x_wconf 88' lang='lat' dir='ltr'><strong>a</strong></span> <span class='ocrx_word' id='word_1_201' title='bbox 992 2404 1178 2439; x_wconf 74' lang='lat' dir='ltr'><strong>nonnanis</strong></span> <span class='ocrx_word' id='word_1_202' title='bbox 1206 2406 1265 2450; x_wconf 83' lang='lat' dir='ltr'><strong>qui</strong></span> <span class='ocrx_word' id='word_1_203' title='bbox 1291 2405 1421 2438; x_wconf 86' lang='lat' dir='ltr'><strong>ibidem</strong></span> <span class='ocrx_word' id='word_1_204' title='bbox 1451 2404 1597 2438; x_wconf 85' lang='lat' dir='ltr'><strong>aderaut</strong></span> 
     </span>
     <span class='ocr_line' id='line_1_26' title="bbox 127 2452 1594 2497; baseline -0.001 -10"><span class='ocrx_word' id='word_1_205' title='bbox 127 2453 250 2487; x_wconf 80' lang='lat' dir='ltr'><strong>amicis</strong></span> <span class='ocrx_word' id='word_1_206' title='bbox 275 2453 417 2494; x_wconf 84' lang='lat' dir='ltr'><strong>audivi,</strong></span> <span class='ocrx_word' id='word_1_207' title='bbox 444 2453 562 2486; x_wconf 82' lang='lat' dir='ltr'><strong>inania</strong></span> <span class='ocrx_word' id='word_1_208' title='bbox 591 2457 625 2486; x_wconf 88' lang='lat' dir='ltr'><strong>et</strong></span> <span class='ocrx_word' id='word_1_209' title='bbox 652 2452 730 2497; x_wconf 87' lang='lat' dir='ltr'><strong>plus</strong></span> <span class='ocrx_word' id='word_1_210' title='bbox 756 2453 980 2497; x_wconf 81' lang='lat' dir='ltr'><strong>ignorantiae</strong></span> <span class='ocrx_word' id='word_1_211' title='bbox 1017 2462 1118 2497; x_wconf 87' lang='lat' dir='ltr'><strong>quam</strong></span> <span class='ocrx_word' id='word_1_212' title='bbox 1142 2453 1334 2496; x_wconf 81' lang='lat' dir='ltr'><strong>impietatis</strong></span> <span class='ocrx_word' id='word_1_213' title='bbox 1363 2452 1594 2486; x_wconf 83' lang='lat' dir='ltr'><strong>coutinentia.</strong></span> 
     </span>
     <span class='ocr_line' id='line_1_27' title="bbox 125 2499 1595 2545; baseline -0.001 -10"><span class='ocrx_word' id='word_1_214' title='bbox 125 2506 237 2536; x_wconf 79' lang='lat' dir='ltr'><strong>restat</strong></span> <span class='ocrx_word' id='word_1_215' title='bbox 260 2501 391 2545; x_wconf 79' lang='lat' dir='ltr'><strong>igitur,</strong></span> <span class='ocrx_word' id='word_1_216' title='bbox 416 2506 455 2534; x_wconf 89' lang='lat' dir='ltr'><strong>ut</strong></span> <span class='ocrx_word' id='word_1_217' title='bbox 483 2500 572 2534; x_wconf 88' lang='lat' dir='ltr'><strong>haec</strong></span> <span class='ocrx_word' id='word_1_218' title='bbox 602 2501 764 2544; x_wconf 75' lang='lat' dir='ltr'><strong>proferas</strong></span> <span class='ocrx_word' id='word_1_219' title='bbox 789 2500 893 2533; x_wconf 81' lang='lat' dir='ltr'><strong>nobis</strong></span> <span class='ocrx_word' id='word_1_220' title='bbox 921 2499 1184 2544; x_wconf 78' lang='lat' dir='ltr'><strong>intelligentius</strong></span> <span class='ocrx_word' id='word_1_221' title='bbox 1208 2500 1332 2534; x_wconf 83' lang='lat' dir='ltr'><strong>audire</strong></span> <span class='ocrx_word' id='word_1_222' title='bbox 1357 2499 1595 2544; x_wconf 81' lang='lat' dir='ltr'><strong>cupientibus.</strong></span> 
     </span>
     <span class='ocr_line' id='line_1_28' title="bbox 126 2547 1596 2593; baseline -0.001 -11"><span class='ocrx_word' id='word_1_223' title='bbox 126 2549 342 2593; x_wconf 73' lang='lat' dir='ltr'><strong>impietatem</strong></span> <span class='ocrx_word' id='word_1_224' title='bbox 369 2549 461 2581; x_wconf 84' lang='lat' dir='ltr'><strong>enim</strong></span> <span class='ocrx_word' id='word_1_225' title='bbox 489 2548 610 2581; x_wconf 87' lang='lat' dir='ltr'><strong>dicunt</strong></span> <span class='ocrx_word' id='word_1_226' title='bbox 635 2550 793 2581; x_wconf 78' lang='lat' dir='ltr'><strong>misetam</strong></span> <span class='ocrx_word' id='word_1_227' title='bbox 820 2558 960 2591; x_wconf 76' lang='lat' dir='ltr'><strong>semper</strong></span> <span class='ocrx_word' id='word_1_228' title='bbox 986 2549 1105 2581; x_wconf 85' lang='lat' dir='ltr'><strong>innata</strong></span> <span class='ocrx_word' id='word_1_229' title='bbox 1125 2547 1270 2593; x_wconf 86' lang='lat' dir='ltr'><strong>linguae</strong></span> <span class='ocrx_word' id='word_1_230' title='bbox 1289 2547 1490 2581; x_wconf 74' lang='lat' dir='ltr'><strong>insulsitate</strong></span> <span class='ocrx_word' id='word_1_231' title='bbox 1505 2557 1596 2592; x_wconf 81' lang='lat' dir='ltr'><strong>quae</strong></span> 
     </span>
     <span class='ocr_line' id='line_1_29' title="bbox 127 2595 1595 2640; baseline -0.001 -11"><span class='ocrx_word' id='word_1_232' title='bbox 127 2606 264 2630; x_wconf 87' lang='lat' dir='ltr'><strong>omnem</strong></span> <span class='ocrx_word' id='word_1_233' title='bbox 292 2596 418 2629; x_wconf 73' lang='lat' dir='ltr'><strong>transit</strong></span> <span class='ocrx_word' id='word_1_234' title='bbox 450 2597 637 2629; x_wconf 78' lang='lat' dir='ltr'><strong>veritatem</strong></span> <span class='ocrx_word' id='word_1_235' title='bbox 663 2601 698 2629; x_wconf 89' lang='lat' dir='ltr'><strong>et</strong></span> <span class='ocrx_word' id='word_1_236' title='bbox 731 2596 929 2638; x_wconf 82' lang='lat' dir='ltr'><strong>scientiam,</strong></span> <span class='ocrx_word' id='word_1_237' title='bbox 958 2596 1166 2640; x_wconf 82' lang='lat' dir='ltr'><strong>praesertim</strong></span> <span class='ocrx_word' id='word_1_238' title='bbox 1194 2597 1238 2629; x_wconf 80' lang='lat' dir='ltr'><strong>-in</strong></span> <span class='ocrx_word' id='word_1_239' title='bbox 1271 2595 1326 2629; x_wconf 76' lang='lat' dir='ltr'><strong>his</strong></span> <span class='ocrx_word' id='word_1_240' title='bbox 1364 2595 1492 2637; x_wconf 74' lang='lat' dir='ltr'><strong>rebus,</strong></span> <span class='ocrx_word' id='word_1_241' title='bbox 1516 2595 1595 2629; x_wconf 78' lang='lat' dir='ltr'><strong>sive</strong></span> 
     </span>
     <span class='ocr_line' id='line_1_30' title="bbox 127 2643 1595 2688; baseline -0.001 -11"><span class='ocrx_word' id='word_1_242' title='bbox 127 2648 275 2688; x_wconf 83' lang='lat' dir='ltr'><strong>propter</strong></span> <span class='ocrx_word' id='word_1_243' title='bbox 302 2643 380 2676; x_wconf 77' lang='lat' dir='ltr'><strong>eius</strong></span> <span class='ocrx_word' id='word_1_244' title='bbox 408 2653 510 2688; x_wconf 89' lang='lat' dir='ltr'><strong>quam</strong></span> <span class='ocrx_word' id='word_1_245' title='bbox 537 2653 704 2687; x_wconf 82' lang='lat' dir='ltr'><strong>passurus</strong></span> <span class='ocrx_word' id='word_1_246' title='bbox 732 2648 786 2677; x_wconf 82' lang='lat' dir='ltr'><strong>est</strong></span> <span class='ocrx_word' id='word_1_247' title='bbox 812 2643 1028 2677; x_wconf 80' lang='lat' dir='ltr'><strong>contumelio</strong></span> <span class='ocrx_word' id='word_1_248' title='bbox 1054 2649 1208 2686; x_wconf 88' lang='lat' dir='ltr'><strong>metum,</strong></span> <span class='ocrx_word' id='word_1_249' title='bbox 1237 2643 1316 2677; x_wconf 84' lang='lat' dir='ltr'><strong>sive</strong></span> <span class='ocrx_word' id='word_1_250' title='bbox 1343 2643 1474 2677; x_wconf 79' lang='lat' dir='ltr'><strong>accidit</strong></span> <span class='ocrx_word' id='word_1_251' title='bbox 1502 2643 1595 2676; x_wconf 80' lang='lat' dir='ltr'><strong>insi-</strong></span> 
     </span>
     <span class='ocr_line' id='line_1_31' title="bbox 125 2690 1594 2735; baseline -0.001 -10"><span class='ocrx_word' id='word_1_252' title='bbox 125 2696 183 2725; x_wconf 83' lang='lat' dir='ltr'><strong>tae</strong></span> <span class='ocrx_word' id='word_1_253' title='bbox 213 2690 399 2735; x_wconf 80' lang='lat' dir='ltr'><strong>pravitatis</strong></span> <span class='ocrx_word' id='word_1_254' title='bbox 425 2692 636 2724; x_wconf 74' lang='lat' dir='ltr'><strong>temeritate.</strong></span> <span class='ocrx_word' id='word_1_255' title='bbox 690 2697 725 2725; x_wconf 91' lang='lat' dir='ltr'><strong>et</strong></span> <span class='ocrx_word' id='word_1_256' title='bbox 750 2697 788 2724; x_wconf 90' lang='lat' dir='ltr'><strong>ut</strong></span> <span class='ocrx_word' id='word_1_257' title='bbox 810 2691 970 2735; x_wconf 86' lang='lat' dir='ltr'><strong>piurimis</strong></span> <span class='ocrx_word' id='word_1_258' title='bbox 1007 2691 1052 2724; x_wconf 91' lang='lat' dir='ltr'><strong>ob</strong></span> <span class='ocrx_word' id='word_1_259' title='bbox 1079 2692 1249 2735; x_wconf 81' lang='lat' dir='ltr'><strong>temporis</strong></span> <span class='ocrx_word' id='word_1_260' title='bbox 1274 2690 1594 2725; x_wconf 83' lang='lat' dir='ltr'><strong>incommoditatem</strong></span> 
     </span>
     <span class='ocr_line' id='line_1_32' title="bbox 124 2738 1594 2785; baseline 0 -12"><span class='ocrx_word' id='word_1_261' title='bbox 124 2738 262 2777; x_wconf 76' lang='lat' dir='ltr'><strong>relictis</strong></span> <span class='ocrx_word' id='word_1_262' title='bbox 291 2748 404 2784; x_wconf 81' lang='lat' dir='ltr'><strong>pauca</strong></span> <span class='ocrx_word' id='word_1_263' title='bbox 431 2739 671 2783; x_wconf 87' lang='lat' dir='ltr'><strong>meminerim,</strong></span> <span class='ocrx_word' id='word_1_264' title='bbox 707 2749 812 2774; x_wconf 89' lang='lat' dir='ltr'><strong>unum</strong></span> <span class='ocrx_word' id='word_1_265' title='bbox 849 2744 885 2773; x_wconf 86' lang='lat' dir='ltr'><strong>et</strong></span> <span class='ocrx_word' id='word_1_266' title='bbox 915 2739 1065 2785; x_wconf 88' lang='lat' dir='ltr'><strong>primum</strong></span> <span class='ocrx_word' id='word_1_267' title='bbox 1097 2739 1305 2774; x_wconf 82' lang='lat' dir='ltr'><strong>relictorum</strong></span> <span class='ocrx_word' id='word_1_268' title='bbox 1338 2738 1428 2773; x_wconf 88' lang='lat' dir='ltr'><strong>illud</strong></span> <span class='ocrx_word' id='word_1_269' title='bbox 1463 2738 1594 2773; x_wconf 80' lang='lat' dir='ltr'><strong>ferunt.</strong></span> 
     </span>
    </p>
   </div>
  </div>
 </body>
</html>
