1826 3120
88 709 115 744 f.
135 706 201 744 114
217 708 252 743 h.

178 1314 254 1348 16

264 130 329 187 82
467 142 469 145 ’
667 132 962 188 Nimflom
1002 132 1234 185 GREGQR
1241 130 1311 185 AB
1359 155 1363 157 ·

264 238 433 294 μάλιστ’
466 240 633 283 α’κοὺειν
661 240 734 283 καί
757 243 947 284 συνιέναι
972 241 1154 295 προσῆκε
1174 240 1257 282 ταῖν
1278 240 1355 281 τοῦ
1370 239 1555 294 σωτῆρος
1583 251 1718 294 navo-

266 306 444 362 ρήσεων,
475 305 641 362 τὸνμὲν
661 310 839 362 παντελῆ
867 309 941 362 τῆς
957 308 1176 361 οἰκοδομῆς
1197 307 1352 361 ἐκείνης
1377 300 1554 358 ὄλεθρον
1572 318 1722 360 προει-
1774 305 1784 312 “

263 372 438 428 πόντος,
467 373 540 429 τήν
589 377 628 416 δ’
659 374 891 427 ἀναβίωσιν
924 374 1094 430 ου’δαμῇ
1132 389 1178 427 γε
1222 365 1489 427 προσθέντος,
1518 369 1630 420 ,οὕτω
1650 373 1722 418 νῦν

267 456 288 482 ο
317 440 417 491 θεὸς
444 443 653 487 ἐνταυθοῖ
677 441 840 494 πρῶτον
869 437 1000 481 αὐτὸν
1039 440 1109 483 τὸν
1144 438 1221 488 τὰς
1246 441 1445 492 μαντείας
1474 438 1721 493 ὑπέκκαυμα
1782 479 1787 481 ,

265 510 341 563 τῆς
371 508 444 549 τοῦ
467 508 655 562 διωγμοῦ
683 506 837 562 φλογὸς
860 507 1167 560 παρεισάγοντα
1185 504 1293 547 κατα
1321 504 1637 562 τῆς-ευ’σεβειάς
1665 506 1723 564 τῷ
1733 508 1754 541 5

264 577 437 627 βασιλεῖ
475 573 715 627 χλευάζων,
766 574 838 615 καί
880 576 951 627 τῆς
982 573 1319 627 ὀνειροσκοπικῆς
1355 571 1490 619 αι’,τοῦ
1518 572 1753 627 λαμηρῶς“

266 638 565 694 ἅναμοχλεύων
593 638 689 688 τοὺς
706 641 920 692 τρίποδας,
946 641 1021 681 τοῦ
1039 639 1233 692 ποιμνίου
1250 640 1467 692 πέπραχεν
1492 639 1722 694 α’λλότριον,

266 704 421 758 α’νάξια
455 708 616 760 δρῶντα
646 707 677 730 ‘¹
718 707 992 760 ποιμαντικῆς
1034 704 1198 761 ἁπάσης
1236 704 1308 747 καί
1335 706 1465 757 θεοῦ,
1496 706 1724 759 μονονουχὶ

264 775 346 820 τῶν
376 771 635 828 πραγμάτων
664 773 859 826 βοώντων
885 773 1024 816 αὐτῶν
1057 772 1113 822 ὠς
1144 774 1273 826 ἐχρῆν
1299 774 1378 825 μὲν
1406 769 1488 813 ὑπὸ
1516 773 1723 824 βασιλέως

264 841 335 895 τῆς
358 841 628 893 ποιμαντικῆς
668 839 924 890 ἐξωθεῖσθαι
951 837 1024 880 τὸν
1055 838 1191 891 ἀσεβῆ
1219 840 1396 891 ποιμένα
1414 869 1426 891 ‚
1453 838 1549 880 ἐπεὶ
1575 837 1612 880 δ’
1631 835 1725 879 ἀντὶ
1737 841 1778 885 10

264 909 343 948 τοῦ
369 903 558 957 κολάζειν
597 904 620 946 ὃ
648 906 695 946 δὲ
732 905 804 946 καί
847 909 1102 960 στεφανίτην
1148 906 1354 957 α’νέδειξε,
1381 901 1522 955 κοινόν
1563 902 1724 959 α’μφοῖν

261 971 409 1028 ,ἐπάγει
438 971 584 1014 λοιπὸν
617 972 637 1012 ὁ
671 971 770 1021 θεὸς
798 973 871 1025 τῆς
900 973 1052 1027 ζημίας
1078 971 1150 1026 τήν
1180 969 1326 1026 δίκην,
1367 965 1604 1026 μηλόβοτον
1645 972 1723 1024 μὲν

263 1039 533 1094 καταστήσας
563 1038 635 1095 τήν
663 1037 797 1094 πόλιν,
824 1038 896 1080 τὸν
925 1040 971 1080 δὲ
1003 1037 1101 1082 λαὸν
1134 1041 1216 1094 φεῦ
1245 1039 1441 1095 πανταχῇ
1470 1038 1722 1092 διασπείρας

267 1108 338 1160 τῆς
366 1109 629 1161 οἰκουμένης,
674 1107 728 1147 ἵν’
763 1103 993 1148 αἴσθωνται
1033 1103 1178 1154 πάντες
1211 1104 1389 1162 ὄμοῦγτε
1431 1107 1512 1152 τῶν
1541 1105 1723 1160 ἐλέγχων

264 1174 338 1226 τῆς
365 1174 570 1227 α’σεβειάς,
600 1172 671 1214 καί
700 1168 767 1216 οἷα
794 1175 876 1214 τῶν
900 1174 1091 1227 πονηρῶν
1120 1173 1373 1227 σπερμάτων
1395 1171 1479 1214 εἰσί
1509 1169 1560 1214 τὰ
1589 1170 1780 1226 ysaie-155

266 1253 350 1294 για,
383 1234 411 1292 ἢ
436 1241 596 1290 μᾶλλον
622 1237 670 1281 τὰ
702 1241 785 1281 τῶν
811 1237 1047 1291 μελλόντων
1066 1240 1214 1280 δεινῶν
1244 1240 1463 1292 προοίμια.

402 1303 527 1347 Μετὰ
572 1307 719 1356 μέντοι
764 1303 838 1360 τήν
882 1307 1061 1358 παντελῆ
1107 1308 1178 1358 τῆς
1213 1303 1468 1358 Ἡρακλείας
1513 1301 1725 1360 ἐρήμωσιν

260 1371 338 1414 >καὶ
376 1370 589 1414 α’πώλειαν
638 1372 872 1427 ἀφικέσθαι
902 1369 1018 1422 ἔδοξε
1052 1374 1252 1420 Λατίνοις
1293 1370 1364 1413 καί
1392 1373 1541 1426 στῆναι
1571 1370 1726 1420 πάσαις
1788 1404 1790 1407 .

264 1437 377 1490 ,ὁμοῦ
406 1443 497 1485 ταῖς
535 1440 663 1480 ναυσί
699 1436 813 1493 παρὰ
858 1438 902 1480 τὸ
948 1439 1022 1480 τοῦ
1059 1438 1260 1487 Εὐξείνου
1299 1437 1448 1485 πόντου
1489 1435 1626 1490 στόμα
1656 1439 1729 1485 καί

265 1504 365 1553 τούς
397 1503 529 1547 ἐκεῖσε
560 1508 756 1557 λιμένας,
808 1505 858 1545 οὔ
909 1502 1018 1546 πάνυ
1067 1507 1205 1561 πολλῷ
1244 1504 1328 1546 τινι“
1367 1502 1620 1559 διαστήματι
1653 1505 1783 1552 10:329

266 1571 583 1624 Γαλατωνιῖμου
628 1571 839 1627 φρουρίου
884 1572 1137 1626 ἀπέχοντας,
1177 1572 1370 1618 κάκεῖθεν
1409 1573 1508 1626 περὶ
1536 1571 1727 1619 σπονδῶν

267 1637 369 1693 πρὸς
386 1641 564 1691 βασιλέα
586 1638 911 1694 πρεσβεύεσθαι.
942 1638 1014 1679 καί
1033 1639 1174 1692 μέντοι
1195 1640 1268 1681 καί
1286 1635 1510 1693 ἐληλυθόσι
1529 1638 1728 1692 προσετέ-

267 1708 406 1761 θησαν
457 1707 580 1761 σφίσι
619 1705 691 1748 καί
737 1704 876 1762 ἕτεραι
923 1705 1106 1762 τριήρεις
1142 1708 1282 1759 πέντε,
1333 1701 1486 1755 ἄλλους
1524 1719 1567 1748 τε
1596 1701 1725 1759 ἔχου..
1770 1708 1775 1711 ’

269 1901 370 1940 parte
388 1895 558 1937 foedavit,
588 1905 655 1939 qua
681 1896 829 1928 maxime
857 1895 1051 1929 Salvatoris
1077 1896 1360 1939 praedictiones,
1388 1896 1447 1943 qui
1477 1894 1618 1940 planum
1643 1895 1725 1941 qui...

270 1944 347 1976 dem
374 1942 470 1975 aedis
498 1943 674 1976 excidium
707 1943 991 1986 praenuntiavit«,
1021 1943 1316 1976 resurrectionem
1350 1947 1465 1976 autem
1493 1943 1569 1975 eius
1603 1943 1725 1975 neuti-

272 2000 374 2034 quam
400 1989 551 2031 addidit,
576 1990 698 2022 audire
726 1995 830 2033 atque
858 1989 1066 2033 intelligere
1091 1989 1288 2031 debebant,
1313 1990 1364 2022 sic
1391 1990 1495 2022 etiam
1530 1989 1616 2031 deus
1642 1996 1725 2024 tunc

271 2038 375 2070 istum
402 2036 598 2078 hominem,
633 2037 692 2080 qui
718 2036 889 2070 vaticinia
914 2042 1078 2079 tanquam
1106 2036 1259 2070 fomitem
1285 2034 1543 2079 persecutidnis
1570 2037 1606 2070 in
1631 2036 1723 2071 reli..

271 2084 413 2128 gionem
437 2084 639 2127 imperatori
665 2084 809 2123 iniecit,
835 2085 870 2116 in
896 2083 1083 2117 ludibrium
1109 2083 1280 2117 vertendo
1309 2085 1456 2128 eiusque
1488 2083 1625 2117 somnia
1657 2084 1724 2117 tri-

271 2131 452 2175 podesque
480 2130 664 2174 splendide
692 2130 929 2163 convellendo
950 2141 969 2163 a
994 2140 1105 2174 grege
1131 2129 1359 2172 abalienavit,
1385 2130 1554 2174 pastorali
1580 2141 1724 2164 munere

272 2183 307 2210 et
333 2177 398 2212 deo
426 2177 569 2222 indigna
596 2178 797 2218 facientem,
825 2183 957 2210 tantum
983 2187 1053 2210 non
1079 2177 1184 2211 rebus
1199 2178 1283 2221 ipsis
1311 2177 1554 2219 clamantibus,
1581 2178 1723 2222 impium

271 2229 448 2269 pastorem
478 2224 520 2257 ab
558 2226 769 2267 imperatore
803 2235 822 2257 a
848 2229 1029 2268 pastoratu
1054 2224 1305 2258 removendum
1344 2235 1434 2258 esse.
1498 2235 1603 2269 quum
1636 2234 1723 2258 vero

271 2272 351 2313 liic,
386 2281 488 2316 quem
516 2271 666 2304 multare
692 2271 863 2313 debebat,
892 2282 969 2305 cum
996 2272 1083 2304 adeo
1110 2273 1283 2305 victorem
1318 2271 1611 2316 proclamaverit,
1638 2272 1723 2305 deus

270 2319 337 2351 iam
366 2328 558 2351 comnenae
583 2318 750 2351 ambobus
776 2319 942 2352 iudicium
971 2328 1260 2362 communemque
1285 2328 1433 2362 poenam
1459 2318 1611 2360 adducit,
1637 2317 1724 2352 urhe

271 2365 398 2399 ovibus
425 2375 488 2408 pro
525 2375 657 2409 pascuo
683 2366 782 2407 data,
818 2365 1016 2400 hominibus
1045 2365 1155 2400 eheu!
1182 2376 1246 2409 per
1271 2371 1380 2399 totum
1407 2366 1526 2399 orbem
1552 2370 1723 2400 terrarum

271 2413 462 2456 dispersis,
498 2419 536 2446 ut
562 2422 682 2446 omncs
720 2423 779 2445 cos
816 2413 1005 2456 impictatis
1032 2413 1214 2446 convictos
1251 2423 1329 2446 esse
1355 2413 1528 2446 sentirent
1553 2417 1587 2445 et
1612 2423 1724 2458 quae-

270 2470 349 2492 nam
378 2459 547 2492 malorum
574 2461 743 2493 seminum
772 2459 962 2505 frugesvel
989 2460 1106 2504 potius
1131 2459 1322 2493 suturarum
1344 2459 1578 2493 calamitatum
1606 2464 1724 2494 essent

270 2505 517 2551 praelusiones
544 2513 815 2551 cognoscerent.

405 2570 580 2604 lleraclca
608 2570 763 2603 funditus
789 2576 924 2604 vastata
950 2576 985 2604 ct
1010 2570 1127 2604 deleta
1141 2570 1272 2604 Latinis
1299 2569 1433 2613 placuit
1460 2581 1538 2605 cum
1564 2569 1723 2607 omnibus

271 2618 423 2652 navibus
449 2617 492 2650 ad
518 2618 615 2660 ponti
631 2617 760 2651 Euxini
788 2619 914 2651 ostium
940 2618 1253 2662 eiusqueregionis
1278 2622 1414 2660 portus,
1439 2619 1572 2651 nonita
1597 2627 1722 2662 magno

271 2663 465 2705 intervallo
493 2675 513 2696 a
541 2664 691 2698 castello
707 2665 851 2700 Galatae
877 2665 1058 2707 distantes,
1086 2675 1223 2698 cursum
1238 2664 1393 2708 dirigere
1421 2667 1456 2698 et
1477 2664 1558 2699 inde
1583 2664 1628 2698 de
1642 2665 1723 2702 foe-

272 2713 356 2753 dere
383 2722 464 2748 cum
490 2712 702 2759 imperatore
727 2723 846 2759 agere.
874 2722 943 2759 quo
971 2722 1074 2759 quum
1088 2712 1270 2749 venissent
1294 2711 1432 2747 additae
1456 2711 1501 2747 iis
1526 2716 1608 2747 sunt
1619 2711 1723 2758 quin-
1748 2743 1757 2746 ,
1812 2732 1816 2740 -
