1786 3138
277 180 372 230 530
599 159 603 161 ’
697 184 995 229 memnoni
1023 178 1337 230 ‘annonam
1592 188 1602 240 χ
1686 222 1708 244 .

270 292 515 348 ταυτότητα.
574 290 629 343 ὥς
658 286 766 334 εἶναι
796 291 891 342 δέος
920 293 1111 336 ἐντεῦθεν
1137 293 1197 348 μὴ
1242 291 1291 335 οὗ
1320 293 1485 336 πάντων
1515 293 1575 344 εἷς
1592 298 1728 351 μίμη-

273 375 342 402 σιν
372 361 446 402 rofi
471 360 682 414 βελτίονος
710 359 980 415 παραθήσειν
1011 355 1195 409 ἑαυτούς’
1225 359 1470 415 δυναμένων
1499 361 1554 403 δι’
1585 359 1726 418 ἔμφυ-
1766 389 1771 393 ·

273 441 344 467 τον
376 424 480 467 ἔνιοι
506 435 791 480 κακοτροπιαν
819 425 890 467 ἐπὶ
916 424 1155 468 τούναντίον
1182 426 1237 481 τῇ
1266 425 1443 481 μιμήσει
1459 426 1725 483 Ιχρὴσώνται,

273 491 346 533 καί
376 489 450 546 τὴν
479 492 522 533 ἐν
551 490 714 548 ἱστορίᾳ
750 489 950 546 διαβολὴν
978 493 1061 534 τῶν
1101 493 1240 534 κακῶν
1282 492 1354 534 ἐπὶ
1381 492 1567 551 σφετέρᾳ
1594 492 1727 548 μιμή-

273 573 426 600 σωνται
454 557 608 613 βλάβῃ,
639 553 712 612 τὴν
739 559 820 599 τῶν
851 557 1110 613 φθασάντων
1141 557 1444 610 ἀναισχυντίαν
1471 559 1546 602 καί
1571 559 1761 613 τόλμανᾱ

222 633 255 666 2
272 619 358 665 οἷόν
384 639 425 666 τι
450 624 724 679 παράδειγμα
754 623 1103 680 προβαλλόμενοι.
1162 623 1263 666 ὅθεν
1290 621 1380 674 ἑνός
1394 624 1594 676 τινοςέτι
1620 640 1726 680 μνη-

272 691 392 739 σθείς
423 689 732 744 ἀπαλλάξομαι,
768 689 839 732 διὰ
868 690 1069 747 βραχέων
1110 691 1254 745 μέντοι
1283 691 1356 734 καί
1383 693 1540 743 τοῦτον,
1569 693 1642 734 καὶ
1673 694 1726 734 δι’

270 754 382 798 ὅσων
414 755 694 813 ἀποχρήσειεν
727 754 776 798 ἒν
813 758 875 813 τῷ
898 758 971 812 τῆς
1002 756 1192 814 ἱστορίας
1223 755 1353 814 λόγῳ
1372 758 1513 809 δεῖξαι
1539 759 1629 808 πῶς
1656 760 1729 814 τῆς

267 824 530 878 Παλαμικῆς
553 822 759 878 αἱρέσεως
788 824 859 866 ἐπὶ
887 823 995 880 λύμῃ
1025 826 1109 867 τῶν
1136 825 1262 880 ὶερῶν
1288 826 1362 880 τῆς
1383 826 1605 881 ἐκκλησίας
1631 827 1727 882 δογ-

266 890 412 943 μάτων
441 890 691 945 παραδύσης
734 889 894 932 &nav-9³
929 890 1046 945 ὁμοῦ
1092 891 1349 947 συγκέχυται
1377 891 1627 949 πράγματα,
1656 893 1761 938 mail

270 955 529 1012 διέφθαρται
557 955 602 998 τὸ
633 958 706 1012 τῆς
737 958 958 1013 ἐκκλησίας
988 958 1168 1014 ἀρχαῖον
1195 955 1300 1014 ἦθος
1329 960 1487 1010 ἐκεῖνο,
1518 959 1594 1002 καὶ
1626 959 1727 1002 ἀνα-

98 1032 125 1067 f.
138 1031 208 1068 263
222 1042 254 1066 a.
267 1022 497 1078 τέτραπται
527 1024 599 1064 καί
630 1023 846 1065 ἀπόλωλεν
877 1023 920 1065 εἴ
939 1041 979 1065 τι
1009 1024 1161 1077 σεμνόν
1189 1040 1232 1066 τε
1275 1025 1348 1067 καί
1374 1026 1512 1079 τιζιιιον
1535 1027 1608 1081 τῆς
1630 1023 1729 1082 ὅλης

269 1085 320 1143 ἦν
350 1089 583 1139 πολιτείας,
619 1091 923 1144 συσταλείσης,
965 1085 1096 1143 οἶμαι,
1127 1092 1199 1145 τῆς
1220 1092 1295 1132 τοῦ
1330 1092 1433 1132 θεοῦ
1464 1087 1603 1142 δεξιίἶς
1629 1090 1729 1134 ὅσον

271 1155 507 1197 αἰσθέσθαι
534 1155 628 1205 τοὺς
655 1158 728 1210 τῆς
771 1157 920 1205 κακίας
946 1156 1098 1212 ταύτης
1136 1157 1375 1211 προστάτας
1403 1158 1476 1200 καί
1506 1157 1726 1214 ἀρχηγούς,

268 1222 341 1264 καί
369 1221 475 1278 πρὸς
502 1221 763 1278 ἐπιστροφὴν
790 1223 931 1264 ἐλθεῖν
961 1223 1061 1278 πρὶν
1083 1223 1142 1272 εἷς
1170 1215 1468 1280 καταστροφὴν
1496 1227 1726 1274 κατελθεῖν,
1737 1237 1757 1270 1

267 1288 500 1345 ἐνδιδόντος
527 1290 631 1329 θεοῦ
658 1290 733 1329 τοῦ
763 1287 834 1330 διὰ
855 1289 1001 1342 Δαβίδ
1018 1290 1322 1344 παραινοῦντος
1347 1289 1406 1345 μὴ
1429 1290 1592 1332 διδόναι
1621 1288 1727 1346 πρὸς

267 1353 397 1395 σάλον
426 1352 497 1395 τόν
527 1353 649 1403 πόδα,
684 1353 752 1394 ἵνα
781 1353 840 1409 μὴ
872 1354 1057 1410 νυστάξῃ
1087 1354 1196 1409 μηδὲ
1237 1352 1407 1412 ὕπνῶσῃ
1439 1353 1463 1398 ὅ
1494 1356 1727 1413 φυλάσσων

216 1418 336 1465 κτὸν
360 1419 543 1475 Ἰσραήλ.
601 1417 658 1470 ὦς
688 1415 794 1461 εἶναι
842 1420 1061 1462 κάνταῦθα
1103 1420 1196 1471 δέος
1238 1419 1297 1476 μὴ
1343 1424 1486 1478 πολλῷ
1523 1421 1727 1465 κάκείνων

262 1486 454 1527 κακίοσιν
480 1482 574 1527 οὖσι
603 1487 775 1536 καὶτοῖς
789 1489 863 1542 τῆς
881 1489 1102 1543 ἐκκλησίας
1122 1486 1274 1543 ταύτης
1293 1488 1518 1545 προέδροις
1545 1487 1572 1544 ἢ
1594 1488 1726 1530 πάλαι

263 1550 370 1594 κατὰ
398 1554 479 1594 τῶν
507 1552 727 1596 Ἰουδαίων
753 1553 1017 1610 ἀποφαντικὴ
1045 1553 1120 1597 σὺν
1139 1556 1270 1612 θυμῷ
1296 1555 1533 1611 κατερράγη
1566 1557 1757 1612 ψῆφος,2

262 1618 443 1674 λέγουσα
468 1617 569 1661 “edm
598 1620 867 1677 προσφέρητέ
907 1637 982 1674 μοι
1011 1623 1232 1675 σεμίδαλιν
1271 1622 1476 1675 μάταιον,
1520 1622 1723 1675 θυμίαμα

264 1684 485 1741 βδέλυγμά
524 1702 599 1740 μοι
644 1688 756 1729 ἐστι’·
833 1687 907 1729 καὶ
952 1685 1025 1729 ἐὰν
1070 1688 1273 1743 ἐκτείνητε
1300 1688 1374 1738 τὰς
1407 1692 1559 1744 χεῖρας
1585 1685 1722 1742 ὑμῶν,

265 1750 524 1809 ἀποστρέψω
552 1753 647 1803 τοὺς
676 1753 928 1810 ὀφθαλμούς
954 1769 1038 1808 μου
1072 1753 1146 1810 ἀφ’
1176 1752 1319 1808 ὖμῶν·
1351 1755 1424 1797 καί
1450 1752 1525 1796 ἐὰν
1554 1753 1719 1810 πληθύ-
1775 1785 1782 1797 ,

265 1985 346 2010 num
373 1985 623 2010 conversarum
652 1983 686 2011 et
712 1978 935 2011 confusarum
963 1978 999 2011 in
1023 1987 1094 2012 non
1118 1983 1231 2022 aptam
1262 1978 1443 2011 unitatem·
1469 1987 1590 2023 quare,
1617 1987 1720 2022 quum
1785 2015 1786 2018 Ἴ

265 2033 336 2055 non
366 2032 486 2056 omnes
512 2025 554 2057 ad
578 2024 726 2058 meliora
752 2026 918 2059 imitanda
944 2030 1154 2060 convertere
1180 2035 1260 2058 sese
1286 2026 1423 2069 possint
1446 2029 1591 2068 propter
1614 2025 1721 2059 inna-
1763 2032 1786 2063 ιη’

267 2075 334 2102 tam
361 2080 497 2103 morum
524 2073 754 2115 pravitatem,
788 2073 978 2106 timendum
1014 2083 1061 2106 ne
1086 2073 1122 2105 in
1149 2073 1360 2105 contrarium
1387 2072 1524 2116 quidam
1549 2071 1721 2106 imitatio·
1785 2069 1786 2090 ³

263 2127 342 2149 nem
370 2123 510 2151 vertant
538 2124 573 2151 et
598 2119 632 2152 in
659 2119 807 2152 historia
831 2120 1143 2163 reprehensionem
1170 2119 1338 2153 malorum
1364 2119 1400 2151 in
1426 2119 1581 2162 ipsorum
1605 2118 1720 2152 labem

263 2165 451 2207 accipiant,
479 2170 514 2197 et
539 2166 686 2199 aliorum
716 2166 816 2199 sorte
838 2167 1086 2210 impudentiam
1123 2171 1158 2199 et
1194 2166 1425 2199 temeritatem
1464 2170 1624 2210 tanquam
1654 2176 1719 2199 ex..

266 2211 416 2254 emplum
445 2211 512 2245 sibi
538 2213 728 2255 proferant.
788 2215 887 2247 cuius
920 2214 972 2247 rei
1005 2213 1201 2257 exemplum
1243 2223 1336 2246 nunc
1362 2213 1454 2257 quod
1488 2213 1524 2245 in
1550 2214 1719 2247 memoria

265 2263 330 2300 est,
358 2268 564 2301 proponam.
624 2261 745 2303 paucis
780 2261 890 2304 igitur
924 2260 1043 2294 verbis
1086 2266 1121 2294 et
1153 2270 1243 2304 quae
1275 2260 1359 2293 satis
1385 2261 1455 2293 sint
1480 2260 1521 2292 ad
1547 2259 1718 2293 historiae

262 2308 512 2347 narrationem,
543 2307 803 2349 demonstrabo,
831 2308 1005 2353 quomodo
1032 2313 1112 2351 post
1137 2307 1342 2341 Palamicam
1373 2306 1538 2340 haeresin
1563 2307 1605 2339 ad
1631 2316 1717 2350 per-

260 2353 390 2385 niciem
417 2358 615 2386 sanctornm
644 2354 821 2388 ecclesiae
849 2355 1047 2398 dogmatum
1073 2359 1290 2398 procreatam
1308 2377 1318 2395 ,
1346 2358 1470 2387 cuncta
1496 2353 1599 2387 simul
1626 2363 1718 2387 con-

260 2400 397 2432 turbata
441 2401 511 2433 sint
554 2402 711 2435 instituta
750 2407 785 2435 et
826 2407 1010 2445 corruptus
1047 2402 1148 2435 veius
1196 2410 1269 2434 mos
1316 2399 1518 2442 ecclesiae,
1557 2405 1594 2433 et
1629 2411 1716 2444 per..

260 2456 365 2479 versa
392 2452 426 2479 et
451 2448 492 2480 ad
521 2448 699 2482 interitum
725 2449 846 2483 adacta
881 2459 971 2492 quae
998 2449 1197 2482 veneranda
1231 2453 1265 2480 et
1290 2447 1483 2481 honorifica
1515 2448 1622 2480 totius
1661 2447 1715 2481 ci-

263 2494 407 2536 vitatis,
445 2495 651 2528 admittente
685 2496 746 2538 id,
783 2501 821 2529 ut
851 2506 918 2539 ego
957 2496 1095 2540 quidem
1122 2495 1249 2536 credo,
1287 2495 1409 2527 dextra
1434 2495 1514 2536 dei,
1550 2494 1737 2538 qnantum¹
1784 2531 1786 2538 Ι

260 2540 506 2584 intelligerent
544 2544 789 2585 perversitatis
823 2542 926 2575 huius
967 2548 1129 2576 auctores
1168 2547 1203 2575 et
1245 2542 1426 2585 principus
1465 2547 1500 2575 et
1540 2541 1635 2584 prius
1677 2545 1786 2580 ut

260 2587 302 2619 ad
339 2589 610 2622 conversionem
647 2590 812 2623 venirent
849 2599 951 2633 quam
990 2590 1032 2623 ad
1066 2590 1182 2623 finem.
1241 2589 1293 2622 sic
1330 2589 1421 2622 enim
1457 2587 1714 2632 per‘Davidem

260 2633 346 2667 deus
374 2636 551 2677 hortatur,
591 2647 637 2669 ne
663 2638 740 2680 quis
780 2637 821 2670 ad
847 2636 1036 2681 malignum
1065 2637 1187 2680 pedem
1219 2640 1345 2677 vertat,
1373 2640 1411 2668 ut
1435 2646 1481 2669 ne
1506 2635 1712 2669 dormitm-io
1756 2644 1774 2678 g:

262 2682 377 2724 capite
402 2692 559 2716 somnum
586 2689 730 2727 caperet
758 2689 876 2716 custos
901 2683 1056 2717 Israelis.
1119 2684 1167 2715 ita
1193 2687 1231 2715 ut
1259 2681 1326 2715 hoc
1355 2692 1494 2727 quoque
1522 2681 1712 2716 timendum
1767 2680 1786 2732 ζξ

257 2728 324 2769 sit,
360 2739 405 2761 ne
439 2730 493 2763 his
532 2730 591 2773 qui
618 2730 690 2764 illis
716 2731 825 2764 multo
866 2731 1075 2773 praviores,
1115 2730 1306 2774 praefectis
1336 2729 1512 2763 ecclesiae
1547 2738 1617 2763 vox
1649 2728 1710 2762 illa

257 2784 347 2821 quae
376 2775 461 2810 olim
486 2777 635 2812 Iudaeos
661 2777 933 2821 condemnavit,
967 2787 1043 2811 cum
1069 2777 1121 2810 ira
1147 2780 1252 2812 sonet
1285 2776 1460 2812 alamanne
1486 2777 1539 2812 “si
1573 2776 1712 2812 simitu.
1762 2784 1778 2818 J:
