1786 3138
257 158 357 212 468
470 150 487 161 “
507 154 523 165 '¹
653 155 948 211 fiicepaom
993 163 1310 210 enecone·

258 274 412 331 ὁρᾶται
433 272 488 324 ὥς
515 273 735 330 φιλότιμος
755 272 855 328 περὶ
876 271 949 328 τὴν
976 272 1099 315 θείαν
1128 271 1277 315 οὐσίαν
1293 269 1507 325 Εὐσέβιος,
1526 268 1714 329 ἀφθονίᾳ

255 340 527 384 ὖποστάσεων
554 338 778 395 πληθύνων
797 339 871 381 καὶ
897 336 1034 390 αὔξων
1068 338 1120 381 τά
1152 338 1397 394 άπλὴθυντα
1425 337 1498 382 καί
1527 337 1714 393 &flabra

257 409 331 450 καί
359 407 496 462 πάσης
530 410 603 460 τῆς
642 395 838 448 ὁπωσοῦν
875 405 1069 462 ὖφέσεως
1099 403 1125 461 ἢ
1154 400 1422 459 πλεονασμοῦ
1449 406 1715 448 παντάπασιν

259 473 519 516 ἆνεπίὸεκτα.
545 473 583 514 εἰ
617 473 663 514 δὲ
693 474 752 521 εἰς
771 471 845 527 την
872 473 946 514 τοῦ
979 472 1103 527 λόγου
1135 474 1394 527 συγχεθεῖσα
1418 472 1492 514 καί
1521 466 1608 515 οἷον
1634 488 1712 513 συ-

256 541 544 580 νουσιωθεῐσα
575 539 795 593 παρῆλθεν
823 536 1072 588 ὑπόστασιν,
1100 536 1208 591 μετὰ
1235 538 1425 588 πλειόνος
1451 539 1525 593 τῆς
1553 536 1745 593 adytum-5

255 604 439 660 μοσύνης
469 603 714 661 προσθήκην
756 604 829 646 καί
855 600 1028 659 αὔξησιν
1056 605 1110 660 τῇ
1142 605 1216 646 τοῦ
1246 603 1372 659 λόγου
1403 603 1512 660 αὐτῇ
1539 604 1714 646 δίδωσιν
1752 651 1756 654 .

255 670 508 713 ὑποστάσει·
567 669 656 726 ἥτις
687 670 759 711 οὐκ
792 667 895 726 ἄλλη
922 668 1039 726 παρά
1076 669 1149 725 τὴν
1173 672 1248 712 τοῦ
1277 669 1446 726 πατρὸς
1464 669 1612 727 οὐσίαν
1640 670 1714 712 καί
1757 682 1759 685 ’

259 737 384 795 φύσιν
427 737 542 788 ἐστι’,
587 738 649 794 τῷ
685 738 1060 793 χαρακτηριστικιῇ
1093 739 1167 791 τῆς
1210 737 1412 792 ἰδιότητος
1451 736 1579 791 μόνον
1606 734 1712 780 κατὰ

169 810 241 846 85
255 804 330 860 τὴν
367 799 557 861 γέννησιν
596 803 878 861 διαφέρουσα.
933 807 1107 847 τοιαῦτα
1149 806 1227 859 μὲν
1268 803 1322 848 τὰ
1356 806 1401 848 ἑκ
1442 805 1525 847 τῶν
1549 804 1710 847 ἐκείνου

259 871 405 927 ἀρχῶν
434 871 701 927 άναφανὲντα
742 870 896 913 ἔκτοπα
928 872 1002 914 καί
1032 873 1275 928 παράλογα,
1317 873 1354 914 εἰ
1381 870 1426 914 τὸ
1461 873 1554 928 φῶς
1578 872 1710 913 ἐκεῖνο
1726 881 1771 918 10

83 937 300 982 amans&
333 935 515 994 ἄρρητον
542 937 691 980 οὐσίαν
729 934 837 979 εἶναι
877 938 1015 994 λέγοι·
1075 937 1303 981 ὑπόλοιπον
1343 941 1381 982 δ’
1414 935 1490 982 οὖν
1518 939 1609 982 ἐστι’
1638 940 1710 994 ζη-

254 1009 352 1054 τεῖν,
379 1005 416 1045 εἰ
445 1004 644 1059 ποιότητα
685 1006 804 1046 τοῦτο
851 1004 1074 1059 ἀσώματον
1121 1002 1148 1060 ἢ
1179 1005 1371 1048 οἷνούσιον
1401 1002 1503 1058 εἶπε,
1530 1006 1576 1049 τί
1601 1022 1711 1060 συμ-

254 1071 405 1125 βαίνει,
438 1065 525 1112 οἷον
558 1070 792 1127 ἀπόρροιάν
834 1087 944 1121 τινος
974 1071 1122 1121 οὗσίας
1164 1072 1238 1114 καί
1270 1072 1543 1128 ἀπαύγασμα,
1573 1072 1633 1121 εἰς
1661 1069 1712 1126 ἢν

254 1136 283 1192 ἧ
303 1136 458 1193 4μορφὴ
498 1138 633 1192 ἐκείνη
676 1137 997 1193 μεταβέβληται.
1071 1138 1159 1180 ἀλλ’
1190 1138 1311 1181 οὐδὲν
1358 1134 1480 1195 ἧττον
1507 1137 1534 1195 ἧ
1565 1140 1713 1180 πασῶν

254 1204 411 1259 ἐσχάτη
458 1202 579 1259 ὕβρις
608 1203 681 1246 καί
721 1203 874 1246 ἆτοπία
902 1206 963 1260 τῷ
992 1206 1094 1260 θείῳ
1137 1201 1491 1262 προστετρίψεται
1525 1204 1771 1259 ‹minan-1⁵

253 1270 491 1324 λωβήσαιτο
522 1269 603 1326 γάρ
637 1268 686 1311 ἂν
714 1269 784 1312 τὸν
812 1272 886 1312 τοῦ
917 1267 1025 1312 εἶναι
1055 1271 1197 1327 λόγον’
1269 1273 1342 1315 καί
1372 1272 1500 1329 ταύτῃ
1534 1270 1580 1314 τὸ
1613 1270 1711 1313 ἀνύ-

253 1352 439 1392 παρκτον
480 1337 808 1393 εἰσαχθὴσεται,
853 1335 990 1388 ἄλλως
1031 1354 1075 1381 τε
1116 1338 1213 1380 οὐδὲ
1251 1338 1342 1399 ἐνὸν
1378 1338 1576 1394 ποιότητα
1606 1337 1712 1380 ὕπο-

253 1402 445 1456 κειμένου
481 1403 582 1456 δίχα
609 1406 708 1445 καθ’
738 1399 892 1459 ἑαυτὴν
922 1402 946 1447 δ’
974 1420 1015 1446 τι
1043 1405 1143 1447 ποτέ
1171 1406 1261 1447 ἐστι
1291 1406 1604 1461 διαδειχθῆναι,
1635 1402 1713 1446 κᾶν

252 1470 335 1511 τῶν
364 1467 583 1511 οὖσιωὸὤν
614 1469 743 1525 αὐτὴν
772 1468 883 1512 εἴποι
910 1487 997 1522 τις,
1024 1469 1051 1526 ἣ
1089 1472 1162 1514 καί
1191 1473 1232 1521 ἐς
1271 1471 1417 1522 οὖσίας
1443 1471 1572 1528 μέρος
1608 1470 1709 1513 ἀνά-

254 1552 399 1592 γεται·
442 1535 497 1586 ὥς
525 1536 596 1579 ἐπὶ
622 1537 966 1594 παραδείγματος
996 1539 1140 1590 εἰπεῖν,
1171 1538 1244 1580 οὐκ
1276 1535 1327 1580 ἂν
1357 1537 1404 1582 τὰ
1435 1538 1599 1595 λογικόν
1628 1544 1771 1594 noym)

256 1603 438 1657 συσταίη
468 1601 743 1657 ὑποκειμένου
777 1601 876 1646 ἄνευ
893 1635 904 1654 ,
947 1602 971 1646 ὅ
999 1605 1088 1647 ἐστι
1126 1603 1172 1648 τὸ
1206 1606 1328 1659 ζῶον,
1356 1605 1394 1646 εἰ
1419 1602 1479 1660 μὴ
1509 1603 1713 1661 πρότερόν

253 1668 546 1720 τιςῦποθοῖτο
575 1669 725 1712 οὐσίαν
754 1669 951 1724 ἔμψυχον
982 1671 1244 1728 αἰσθητικήν.

164 1755 239 1788 50
376 1735 467 1779 “On
494 1737 572 1791 μὲν
598 1732 672 1779 οὖν
699 1741 786 1786 τοῖς
809 1737 1098 1792 εἷκονομάχοις
1116 1737 1143 1792 ἦ
1168 1738 1502 1795 μεταμόρφωσις
1518 1739 1594 1781 τοῦ
1616 1729 1710 1780 [σω-

250 1805 378 1860 τῆρος
408 1803 479 1846 ἐπὶ
505 1819 578 1846 του
606 1801 732 1860 ὅρους
763 1803 810 1845 οὗ
838 1807 1009 1862 μορφῆς
1048 1805 1271 1855 ἀλλοίωσις
1298 1806 1370 1848 Em*
1392 1804 1438 1848 τὸ
1473 1804 1711 1862 λαμπρότε-

1307 1868 1322 1886 ἢ

254 1992 289 2022 et
315 1991 444 2032 augeat
470 1997 560 2031 quae
583 1987 706 2032 augeri
732 1997 803 2021 non
829 1987 917 2021 lieet
941 1998 1008 2021 nec
1027 1987 1139 2021 minui
1167 1992 1201 2022 et
1225 1997 1316 2032 quae
1340 1987 1472 2022 nullam
1491 1987 1710 2021 contractio-

251 2046 331 2069 nem
361 2040 421 2068 aut
448 2034 691 2078 pleonasmum
711 2035 907 2068 admittunt.
959 2036 1014 2069 sin
1039 2045 1126 2069 vero
1153 2035 1187 2068 iu
1210 2035 1310 2069 verbi
1339 2034 1564 2068 substantiam
1590 2039 1710 2068 trans..

253 2083 331 2117 fusa
358 2087 410 2116 est
437 2087 471 2115 et
506 2082 856 2124 transsubstantiata,
896 2092 1002 2126 porro
1038 2082 1327 2116 benevolentiam
1361 2081 1461 2116 verbi
1493 2081 1710 2116 substantiae

253 2128 359 2170 addit,
393 2139 483 2174 quae
525 2129 646 2162 eadem
681 2129 771 2173 apud
807 2130 915 2173 patris
954 2129 1140 2163 essentiam
1180 2134 1245 2163 est.
1306 2128 1419 2162 solum
1462 2128 1648 2162 nativitate
1673 2133 1711 2161 ut

253 2176 397 2221 propria
433 2176 650 2219 proprietate
686 2177 839 2210 diversa.
896 2176 982 2210 talia
1025 2186 1068 2209 ex
1105 2175 1202 2210 illius
1228 2176 1412 2220 principiis
1447 2180 1594 2219 recepta
1629 2180 1711 2209 sunt

253 2225 373 2267 inepta
402 2229 437 2257 et
463 2223 623 2264 absurda,
651 2224 679 2256 si
704 2223 820 2257 lucem
846 2223 942 2257 illam
969 2223 1146 2256 infandam
1174 2223 1360 2256 essentiam
1384 2233 1463 2256 esse
1488 2227 1598 2267 putat.
1647 2233 1710 2256 re-

252 2271 385 2314 liquum
416 2275 469 2304 est
497 2280 683 2314 quaerere,
709 2271 786 2304 sive
813 2270 1017 2315 qualitatem
1043 2270 1132 2303 hauc
1158 2270 1417 2314 incorpoream,
1442 2270 1520 2302 sive
1544 2270 1710 2303 inessen-

252 2317 372 2350 tialem
402 2318 512 2358 dixit,
536 2318 618 2361 quid
644 2317 819 2351 attineat?
876 2323 976 2351 estne
1001 2317 1167 2361 splendor
1199 2316 1242 2350 ab
1269 2317 1423 2350 essentia
1453 2316 1571 2360 aliqua
1597 2316 1708 2350 dedu-

254 2370 343 2406 ctus,
373 2365 410 2397 in
436 2375 538 2408 quem
566 2364 676 2398 forma
701 2364 764 2398 illa
795 2366 973 2398 immutata
1001 2369 1087 2398 est.'
1116 2365 1177 2398 sed
1201 2363 1430 2398 nihilominus
1471 2363 1623 2397 omnium
1649 2362 1709 2396 ul-

253 2412 335 2444 tima
363 2411 528 2455 superbia
558 2416 594 2444 et
618 2412 813 2445 absurditas
838 2412 959 2445 divino
986 2412 1126 2456 corpori
1161 2411 1328 2445 adhibita.
1378 2411 1509 2454 poterit
1535 2410 1710 2444 essentiae

254 2458 399 2492 verbum
427 2458 642 2492 contumelia
667 2459 829 2500 afficere,
855 2468 923 2503 quo
944 2459 1171 2492 induceretur
1189 2457 1473 2491 insubstantiale.
1522 2456 1610 2490 alias
1636 2466 1708 2490 non

253 2505 340 2539 licet
377 2505 580 2549 qualitatem
611 2505 774 2539 subiecto
808 2505 947 2540 sublato
992 2516 1055 2549 per
1081 2506 1164 2550 quid
1189 2506 1236 2538 sit
1259 2504 1512 2546 demonstrari,
1540 2504 1605 2538 etsi
1631 2505 1709 2548 quis

254 2552 478 2586 essentialem
520 2554 623 2586 dicat.
682 2563 772 2597 quae
812 2554 848 2586 in
885 2554 1061 2586 essentiae
1094 2558 1225 2596 partem
1251 2553 1446 2595 recipitur;
1481 2556 1519 2584 ut
1545 2550 1708 2594 exemplo

252 2605 341 2641 utar,
370 2599 487 2643 logica
516 2605 610 2633 stare
636 2610 706 2633 non
733 2601 888 2644 poterit,
934 2600 1011 2633 sinc
1036 2599 1222 2641 subiecto,
1252 2599 1344 2642 quod
1366 2604 1420 2632 est
1444 2598 1612 2640 animans,
1639 2597 1707 2632 nisi

251 2647 330 2690 quis
356 2652 459 2680 antea
486 2647 629 2680 vitalem
652 2652 686 2680 et
712 2647 912 2681 sensualem
939 2647 1125 2680 essentiam
1146 2646 1384 2691 proposuerit.

343 2711 466 2755 Itaque
488 2711 728 2747 iconomachis
755 2711 945 2745 salvatoris
971 2712 1006 2744 in
1032 2716 1150 2745 monte
1172 2711 1512 2754 transfigurationem
1532 2718 1603 2744 non
1632 2707 1707 2743 for-

250 2770 327 2794 mae
347 2759 578 2795 variationem
596 2759 631 2791 in
653 2758 927 2803 splendidiorem
945 2759 1073 2806 putari,
1095 2758 1157 2793 sed
1185 2758 1406 2794 salutiferum
1435 2767 1563 2803 corpus
1589 2757 1624 2791 in
1649 2757 1707 2791 in-
