1826 3120
286 150 583 198 msTomAr,
605 147 953 196 BYzAn‘nNAE
975 134 1612 194 xxv11.20-22.143

66 315 69 318 Α
131 265 386 322 νυκτερινῶν
415 260 681 318 ἀθυρμάτων
711 259 1020 312 καθιστάμενον
1051 256 1227 313 ῥόθιον,
1261 257 1336 298 καί
1357 254 1615 311 μεθαρμότ-

93 337 99 343 ”
135 344 226 377 “w
250 330 433 393 ῥᾳδίως
435 329 508 372 ἐπὶ
532 327 578 371 τὸ
606 321 801 389 ευθυμον
831 322 970 368 ὁπόσα
1010 321 1037 380 ἢ
1066 325 1149 366 τῶν
1177 322 1352 379 όνείρων
1381 325 1613 401 a-rftovoua'oe

136 400 352 452 παιζουσα
372 387 713 455 δραστικώτερον
743 393 873 439 imore
905 391 1008 436 narei
1043 393 1120 447 τῆς
1153 390 1335 447 γαλήνης
1362 391 1446 433 ταῖν
1471 394 1617 445 λογισ-

136 470 229 523 μῶν
268 464 449 523 α’φίησιν
500 460 738 518 ἅπαρκτίαυ
781 463 899 517 δίκην
938 461 1112 514 μακροῦ
1149 456 1285 511 τινός,
1334 455 1399 501 ὅτε
1450 456 1499 512 δὴ
1547 473 1616 499 και

103 534 259 591 5μᾶλα.
283 532 540 587 α’ταμίευτος
570 536 657 581 τοῖς
688 530 982 585 αἰσθητηρίοις
1011 525 1032 571 ὅ
1066 542 1196 576 υπνος
1225 528 1438 583 έντρέχων
1464 541 1618 582 ηκιστα

139 601 189 648 τό
217 598 326 658 πρὸς
351 615 522 655 αμυναν
560 601 666 647 τέως
711 596 828 651 ἔχειν
863 595 1097 650 δυνάμενον
1133 596 1282 650 σφίσιν
1310 593 1393 653 ἐῴη
1424 610 1490 637 αν.
1549 593 1616 636 διό

140 671 218 714 κατ’
244 666 344 726 ἡμῖν
372 663 556 724 ἥδιστον
594 659 647 707 ἄν
684 667 846 719 γένοιτο
887 660 1084 716 ἄκουσμα
1120 663 1206 705 τῶν
1247 659 1330 712 ἔξω
1358 659 1619 717 πραγμάτων

142 737 237 782 ἔνια
263 732 496 793 διηγήσεως
541 732 751 775 ὑπόθεσιν
795 733 870 774 νῦν
898 730 1138 784 κομίζοντος
1178 732 1260 774 σοῦ
1288 745 1351 785 γε.
1417 730 1512 773 ἐπεὶ
1536 729 1619 785 γὰρ

145 805 296 859 mxob'r,
324 802 443 857 εἴπερ
472 803 587 855 ποτέ,
614 801 691 843 νῦν
721 796 744 840 ό
774 798 865 854 βίος
885 800 1177 853 ἐμπέπλησται
1208 798 1484 854 ὀργιζομένου
1514 797 1622 839 θεοῦ

20 896 22 899 -
55 878 134 938 10
146 869 219 916 διά
246 869 319 927 τὴν
347 873 432 914 τῶν
465 872 596 912 θείων
625 864 847 923 δογμάτων
877 867 1101 922 οἷθέτησιν,
1145 866 1264 907 δυοῖν
1292 863 1413 908 ε”σται
1442 864 1622 918 θάτερον

145 938 336 991 πάντως·
402 933 431 993 ἢ
457 935 539 992 γὰρ
578 936 715 992 φίλων
751 935 853 990 ἡμῖν
891 934 1140 989 α’παγγελεῖς
1170 934 1412 990 συμφοράς,
1441 933 1513 974 καί
1542 934 1623 974 δα-

20 1001 51 1061 -ἷ
144 1005 293 1065 *9²50oe
321 1008 402 1062 μὲν
426 1021 482 1055 ως
513 1002 626 1055 εἰκός
655 1002 795 1058 ἕτερον
824 1002 982 1059 τρόπον
1015 998 1120 1056 ἐγω,
1164 1004 1216 1059 τῇ
1246 1003 1291 1043 δὲ
1318 1000 1514 1060 κοινωνίᾳ
1546 996 1638 1044 τοῦι

146 1074 314 1126 πόθους
338 1075 523 1122 ἐκείνους
554 1069 889 1127 προσαγορεύσω
929 1068 1004 1112 καί
1029 1070 1282 1126 πόρρωθεν,
1314 1068 1548 1126 α’φθόγγοις
1578 1083 1622 1111 τε

147 1146 316 1192 λαλιοῖς
355 1157 413 1191 ως
448 1140 581 1183 ἐιπεῖν
617 1135 1038 1195 προσφθεγγόμενος,
1084 1137 1158 1178 καί
1205 1134 1327 1194 οἱκτῳ
1368 1135 1442 1178 τόν
1490 1132 1627 1178 οἶκτον

17 1221 46 1251 1:
90 1217 135 1253 15
149 1209 394 1258 α’ντιδιδούς
423 1210 494 1251 καί
522 1205 808 1263 συνηδόμενος
844 1207 990 1263 σφίσι,
1036 1221 1106 1248 και
1148 1203 1387 1258 θαυμάζων
1414 1205 1490 1260 τῆς
1521 1220 1629 1258 καρ-

147 1279 291 1334 τερίας
318 1278 420 1327 τούς
449 1271 620 1332 ανδρας,
652 1269 678 1329 ἢ
705 1273 935 1331 συμφοράς
978 1274 1171 1315 διωκτων
1205 1271 1479 1326 ἀκουσόμεθα
1501 1304 1513 1326 ,
1557 1287 1629 1313 και

149 1347 342 1401 βελτίους
371 1341 519 1387 λοιπόν
553 1359 623 1385 και
653 1342 759 1396 ὑπὲρ
789 1358 934 1384 αυτων
964 1340 1038 1392 τὰς
1069 1341 1243 1390 ἐλπίδας
1272 1338 1514 1396 ληψόμεθα.
1545 1338 1628 1382 ου’·-

151 1427 266 1456 νεσιν
293 1409 378 1467 γὰρ
409 1406 529 1464 οἶμαι
559 1412 633 1453 καὶ
662 1411 778 1467 σφᾶς
808 1410 891 1463 ὀψὲ
919 1410 1024 1463 γοῦν
1059 1406 1290 1465 εἰληφότας
1322 1409 1630 1463 διορθωθῆναι,

152 1478 292 1536 ἔργοις
323 1475 405 1536 ἤδη
431 1481 661 1534 βλέποντας
691 1483 925 1534 προφανεῖς
953 1476 1195 1534 φυομένους
1227 1473 1326 1526 τούς
1355 1477 1438 1518 τῶν
1468 1476 1632 1518 οἰκείων

30 1568 39 1610 ³.
92 1547 445 1603 aoa'wnrjpdrmv
464 1544 680 1601 ἐλέγχους,
707 1545 780 1588 καί
806 1545 888 1588 τῶν
918 1546 962 1587 ἐν
981 1549 1136 1598 μυχοῖς
1168 1545 1366 1598 διωγμῶν
1394 1544 1468 1585 καί
1497 1542 1631 1601 σκότῳ

79 1616 82 1620 ’
151 1617 288 1671 βαθεῖ
313 1615 588 1670 κοιμωμένων
618 1612 864 1672 προτάσεων
904 1613 1079 1668 α’ληθῶν
1126 1611 1173 1654 τό
1205 1613 1495 1667 συμπέρασμα
1525 1609 1634 1658 ἄνα-φ

153 1686 314 1728 nitzo».

291 1753 386 1795 Καὶ
412 1750 500 1808 μὴν
539 1752 705 1806 ἕτοιμος
736 1749 890 1807 ἔγωγε,
928 1751 1147 1804 βέλτιστε,
1193 1747 1327 1804 λέγειν
1367 1742 1447 1791 ὅσα
1478 1746 1531 1803 δη
1562 1745 1636 1790 καί
1650 1755 1724 1791 22

156 1813 226 1864 οἷα
255 1817 429 1875 βούλοιο
460 1814 513 1863 ἂν
544 1820 781 1863 ἐπιτάττειν
811 1817 950 1870 αὐτός.

157 2013 228 2039 nae
253 1999 506 2048 tranquillitati
533 2000 642 2037 facile
669 2001 846 2037 redderet.
896 2010 977 2036 nam
1004 1999 1142 2035 somnia
1169 2008 1423 2055 nonnunquam
1447 1998 1572 2032 mirum
1598 1998 1634 2032 in

158 2051 300 2088 modum
326 2054 492 2096 tanquam
516 2049 791 2085 arctiviolentia
814 2055 968 2083 mentem
994 2048 1206 2091 sollicitant,
1234 2048 1320 2093 quin
1346 2047 1376 2082 si
1400 2047 1527 2092 gravia
1553 2051 1636 2080 sunt

160 2098 468 2144 vehementerque
494 2108 621 2133 sensus
647 2103 836 2150 occupant,
864 2107 1003 2131 omnem
1032 2097 1107 2130 fere
1133 2107 1172 2130 se
1198 2095 1395 2139 colligendi
1421 2099 1633 2139 potestatem

163 2147 197 2182 ei
224 2146 392 2190 eripiunt.
443 2146 565 2191 itaque
591 2146 678 2180 mibi
706 2156 849 2191 quoque
877 2146 1116 2190 gratissimum
1143 2144 1237 2178 foret
1262 2143 1429 2186 accipere
1456 2153 1476 2176 a
1501 2147 1538 2175 te
1562 2151 1632 2176 no-

162 2205 226 2230 vas
251 2194 510 2250 narrationes,
516 2199 552 2228 et
577 2194 743 2240 quoniam
770 2195 840 2228 hoc
865 2194 944 2237 ipso
969 2198 1130 2236 tempore
1146 2192 1232 2226 deus
1251 2196 1399 2246 propter
1424 2200 1533 2225 verae
1544 2190 1634 2224 doc..

161 2241 277 2277 trinae
309 2232 581 2286 perversionem
606 2243 715 2276 iratus
742 2248 795 2276 tot
820 2253 862 2275 ac
887 2246 983 2274 tanta
1006 2240 1114 2273 mittit
1146 2240 1331 2282 miserias,
1357 2238 1482 2272 borum
1520 2237 1634 2272 alter-

163 2295 280 2324 utrum
308 2299 445 2324 mecum
478 2290 778 2324 communicabis.
802 2295 862 2323 aut
891 2299 948 2322 me
974 2289 1166 2322 amicorum
1197 2287 1410 2321 conditionis
1446 2286 1635 2320 certiorem

165 2338 291 2373 facies.
351 2347 419 2382 ego
442 2342 560 2372 autem
587 2337 818 2383 complorabo
847 2347 908 2371 eos
936 2337 1114 2380 etiamque
1148 2340 1186 2369 ut
1210 2334 1372 2369 laborum
1399 2334 1636 2378 fortunaeque

165 2386 285 2420 socios
311 2384 473 2420 salutabo
502 2391 538 2420 et
564 2387 671 2420 mutis
697 2388 785 2420 meis
812 2385 932 2420 verbis
959 2393 1175 2428 prosequar,
1205 2388 1240 2417 et
1265 2393 1336 2416 una
1362 2393 1440 2416 cum
1465 2382 1510 2415 iis
1535 2390 1637 2414 mae-

165 2443 284 2468 rorem
320 2433 456 2478 capiam
483 2439 519 2468 et
553 2433 725 2468 laetitiam
764 2444 883 2478 neque
920 2442 1073 2477 unquam
1100 2436 1230 2464 tantam
1257 2440 1379 2464 eorum
1405 2429 1637 2463 constantiam

165 2481 331 2515 admirari
358 2480 520 2515 cessabo.
570 2487 631 2515 aut
656 2482 700 2515 de
726 2486 997 2536 persecutorum
1024 2479 1229 2513 conditione
1258 2477 1345 2511 mihi
1371 2477 1545 2512 narrabis.
1599 2480 1639 2509 et

165 2528 311 2563 laetiori
338 2528 492 2562 fortasse
515 2539 579 2572 spe
605 2529 816 2564 afficiemur.
866 2539 945 2562 nam
971 2529 1068 2571 ipsos
1101 2526 1292 2571 aliquando
1328 2526 1502 2560 insaniam
1541 2534 1639 2558 suam

166 2577 352 2622 agnituros
379 2586 458 2611 esse
483 2586 617 2621 spero,
647 2578 821 2622 siquidem
846 2578 915 2610 iam
955 2577 1050 2609 inter
1076 2575 1172 2618 ipsos
1199 2574 1415 2618 flagitiorum
1449 2573 1641 2618 approbria

167 2623 336 2667 suboriri,
363 2629 486 2658 contra
512 2636 532 2659 e
557 2626 759 2660 recessibus
788 2634 907 2658 eorum
944 2632 1032 2668 quos
1068 2627 1333 2667 persequuntur
1372 2626 1407 2655 et
1443 2632 1462 2654 e
1495 2620 1640 2655 summis

168 2671 328 2706 tenebris
354 2671 497 2716 plenam
521 2674 654 2708 sensim
679 2674 869 2708 veritatem
895 2672 932 2705 in
960 2671 1078 2705 lucem
1103 2671 1248 2715 prodire
1275 2670 1447 2704 sentiunt.

301 2730 475 2776 Equidem
499 2732 547 2766 mi
573 2734 757 2770 carissime
782 2733 850 2767 iam
866 2736 1009 2779 paratus
1035 2740 1113 2767 sum
1139 2736 1175 2766 et
1204 2740 1452 2778 quamcunque
1476 2731 1532 2766 vis
1550 2740 1641 2765 nar-

167 2779 342 2819 tationem
368 2778 509 2818 faciam.
