1826 3120
222 160 321 214 284
381 227 385 231 ι
633 167 929 215 menmium
975 166 1280 212 GREGORAE

220 275 326 320 ἀλλά
381 277 426 320 τὸ
464 280 537 333 τῆς
583 278 810 332 παροιμίας
855 275 937 318 ‹ini›
987 274 1126 330 κώπης
1164 277 1234 318 ἐπὶ
1279 273 1322 317 τὸ
1359 275 1477 329 βῆμα
1508 274 1587 316 ,κατ’
1626 267 1673 316 τό

219 343 470 399 στρατήγιον
516 347 712 400 ἐξαίφνης
747 342 951 396 ἔδραμες,
994 346 1099 397 λέγω
1143 342 1192 395 δν)
1241 340 1287 384 τὸ
1331 345 1542 396 θεολογεῖν
1581 338 1676 382 α’νί-

218 426 334 460 πτοις
379 426 422 452 τε
451 410 578 464 χερσὶ
616 409 688 451 καί
719 410 862 467 σαθρᾷ
900 410 1088 466 διανοίᾳ,
1130 411 1231 463 φέρε
1275 402 1352 450 κᾶν
1386 405 1437 450 ἐν,
1472 404 1580 464 γήρᾳ
1608 406 1678 448 δι-

219 476 404 533 δάχθητι
422 478 523 532 παρ’
553 477 672 531 ἡμῶν
701 475 777 524 τὰς
802 475 1085 530 στοιχειώδεις
1113 478 1268 525 ταύτας
1285 475 1357 517 καί
1384 472 1552 528 πρώτας
1581 489 1677 530 φω-

218 543 294 592 νὰς
323 561 404 585 των
435 543 709 597 γραμμάτων,
742 542 798 592 αἷς
821 537 871 584 ἂν
899 544 1210 596 ευ’μαθε’στερος
1236 541 1338 590 ἱσως
1358 539 1572 618 γενόμενος
1603 542 1708 596 τῆςό

219 612 341 658 θείας
371 611 471 658 τέως
504 608 673 652 αἴσθοιο
702 612 883 664 γραφῆς,
927 611 997 651 καί
1024 612 1170 664 μηκέτι
1204 610 1258 650 δι’
1289 604 1420 664 οχλου
1462 608 1514 666 τῇ
1548 622 1674 650 ευσε-

220 678 314 734 βειά
356 678 545 730 γίγνοιο,
587 678 848 732 δημαγωγῶν
893 693 917 717 α
960 682 1045 726 τοῖς
1085 678 1194 718 κάτω
1230 678 1407 729 μᾶλλον
1421 669 1446 730 ἢ
1474 679 1559 724 τοῖς
1586 690 1674 716 ανω

219 745 367 796 πρέπει
397 748 571 797 νεκροῖς.
637 761 683 784 τα
716 742 796 797 γὰρ
827 745 997 785 ἐναντία
1026 749 1110 792 τοῖς
1140 745 1343 791 ἐναντίοις
1385 742 1610 797 ὁρίζεσθαί
1631 756 1675 789 τε

219 806 606 863 καίδιορθοῦσθαι
644 808 845 862 νόμιμον,
874 808 965 852 ἐπεί
1005 809 1076 851 καί
1103 811 1331 864 Χαρμίδης
1358 808 1379 849 ὅ
1411 811 1678 860 Λαρισσαῖος

221 872 405 924 οἰκούσας
438 865 719 930 διηγοιιμένου
747 875 858 924 τινὸς
904 877 946 917 ἐν
975 874 1099 917 ὕδατι
1144 877 1276 927 ζέοντι
1308 874 1446 926 ζώσας
1474 875 1579 917 ἰδεῖν
1607 872 1733 928 (ly-*10

216 942 390 994 χέλυας,
422 943 570 984 οὐκοῦν
600 945 643 983 ἐν
662 945 817 999 ’ψυχρῷ
847 940 1006 991 ταύτας
1039 939 1266 996 ἑψήσωμεν
1296 940 1466 998 ἔφησεν.
1525 934 1574 994 ἧς
1601 933 1677 992 οὖν

217 1009 289 1050 καί
319 1006 445 1057 αὐτὸς
475 1009 670 1057 ἀσύνετος
695 1008 861 1061 ἔμεινας
896 1011 1259 1064 πεντεκαιδεκέτης
1285 1010 1495 1058 παιδείας,
1522 1005 1679 1062 ταύτης

217 1071 324 1127 ὑπὲρ
365 1074 418 1117 τοὶ
463 1071 660 1129 ἑξήκοντα
691 1074 870 1130 γεγονώς
914 1075 1124 1132 α’κροατὴν
1167 1074 1348 1118 σεαυτὸν
1380 1074 1678 1116 ἀποδεικνύναι

166 1144 169 1147 ⁴
216 1139 275 1194 μὴ
309 1143 488 1194 α’παξιόυ
519 1143 715 1196 τήμερον,
746 1145 830 1185 τῶν
859 1143 1004 1185 ἁπλῶν
1034 1141 1194 1198 δηλαδή
1218 1143 1288 1185 καί
1314 1140 1550 1196 οἶρχοειδῶν
1583 1155 1679 1196 φω-

217 1210 301 1250 νῶν
328 1210 401 1250 καί
428 1212 662 1262 στοιχείων.
733 1212 863 1251 ταῦτα
904 1211 939 1250 δ’
976 1206 1026 1250 ἂν
1055 1209 1220 1259 πάντως
1257 1206 1321 1264 εἴη
1352 1208 1403 1250 τοί
1428 1209 1460 1249 τ’
1493 1206 1674 1260 ὀνόματα
1691 1218 1733 1253 15

224 1275 296 1317 καί
321 1273 507 1331 ῥήματα.
564 1278 724 1330 πρῶτον
752 1277 830 1331 γάρ
863 1279 934 1318 δεῖ
957 1279 1130 1326 θέσθαι,
1161 1277 1281 1332 φασί,
1311 1279 1353 1317 τί
1377 1269 1508 1327 ὄνομα
1539 1274 1613 1315 καί
1638 1275 1683 1315 τί

218 1339 351 1396 ῥῆμα,
387 1340 519 1383 οἱονεί
543 1359 636 1384 τινα
669 1340 846 1396 στερρὸν
875 1345 1088 1396 θεμέλιον,
1119 1341 1268 1398 ἔπειτα
1288 1343 1465 1384 τίέστιν
1496 1339 1676 1396 ἀ’πόφα-

219 1424 284 1457 σις
314 1409 387 1449 καί
414 1407 651 1464 κατάφασις
680 1410 751 1450 καί
782 1408 1024 1465 α’πόφανσις
1058 1409 1127 1451 καί
1158 1411 1287 1463 λόγος,
1317 1410 1390 1450 καί
1423 1404 1502 1450 Soa
1533 1409 1579 1451 ἐκ
1604 1410 1677 1463 τῆς

221 1475 490 1529 α’νθρωπίνης
518 1475 676 1531 ταύτης
705 1478 931 1531 ἐπιπλοκῆς
972 1479 1046 1518 καί
1071 1479 1310 1525 συνθέσεως
1338 1477 1422 1518 τῶν
1449 1490 1493 1516 τε
1524 1472 1678 1527 ὄνομα·

221 1558 303 1583 των
336 1541 409 1582 καί
438 1545 518 1584 τῶν
548 1542 745 1598 ῥημάτων
779 1543 1099 1586 ἀποτελοῦνται.
1158 1545 1274 1585 σκιαί
1301 1542 1380 1597 γὰρ
1414 1539 1547 1583 οἱονεί
1568 1542 1734 1590 τινές20

223 1608 305 1650 εἶσι
332 1610 415 1649 τῶν
445 1611 704 1663 πραγμάτων
745 1610 789 1656 αἱ
821 1613 975 1666 φωναί,
1005 1609 1111 1666 πρὸς
1138 1609 1214 1660 τοὶς
1245 1607 1425 1664 κινήσεις
1452 1610 1535 1651 τῶν
1564 1608 1676 1664 ὕφε-

216 1671 380 1716 στιότων
405 1675 772 1731 σχηματιζόμεναι
812 1677 882 1719 καί
908 1677 1085 1730 ὀνόμασι
1119 1680 1189 1719 καί
1227 1675 1385 1733 ῥήμασι
1416 1675 1675 1731 κεραννύμε-

216 1849 252 1878 te
281 1843 421 1878 discere
446 1844 645 1888 oportebat,
671 1855 743 1878 non
769 1845 937 1888 didicisti,
965 1851 1071 1890 atque
1097 1852 1231 1890 septem
1249 1855 1360 1879 annos
1384 1850 1487 1880 natus
1510 1855 1557 1879 ne
1581 1855 1675 1891 gen..

218 1891 301 1925 tiles
329 1891 467 1935 quidem
494 1892 733 1926 contendebas
763 1893 952 1926 secundum
978 1895 1171 1937 sapientem
1191 1893 1289 1927 illum
1307 1892 1563 1927 Atheniensem
1588 1903 1675 1937 pro-

219 1938 326 1980 sueri,
353 1939 415 1972 sed
443 1949 486 1972 ex
512 1949 631 1980 remo,
658 1945 697 1972 ut
720 1941 838 1982 aiunt,
867 1941 901 1972 in
929 1946 1131 1985 suggestum
1160 1946 1193 1974 et
1221 1941 1436 1984 praetorium
1465 1945 1613 1983 repente
1638 1945 1674 1973 te

218 1986 418 2028 coniecisti,
446 1985 512 2019 hoc
540 1986 680 2019 scilicet
705 1987 807 2029 dico,
842 1988 934 2031 quod
960 1993 997 2021 tu
1031 1988 1073 2023 ad
1096 1998 1154 2022 res
1179 1988 1317 2022 divinas
1353 1988 1535 2020 accessisti
1561 1986 1674 2020 illotis

217 2032 376 2066 manibus
404 2039 438 2066 et
462 2039 580 2066 mente
603 2034 740 2076 obtusa,
767 2045 834 2079 age
863 2036 966 2068 etiam
991 2046 1103 2069 senex
1126 2035 1307 2069 edocearis
1336 2045 1356 2067 a
1381 2034 1484 2067 nobis
1504 2034 1568 2067 hos
1594 2033 1674 2067 ele-

216 2081 407 2114 mentarios
444 2086 478 2114 et
503 2081 635 2124 primos
662 2091 768 2115 sonos
797 2082 999 2124 literarum,
1025 2089 1064 2116 ut
1089 2083 1225 2116 doctior
1261 2082 1393 2123 factus,
1423 2082 1577 2115 divinam
1601 2081 1675 2115 ali-

216 2132 389 2172 quatenus
415 2127 597 2172 intelligas
617 2129 824 2172 scripturam
849 2140 966 2174 neque
993 2131 1092 2164 oneri
1119 2131 1166 2164 sis
1189 2130 1332 2173 pietati3
1359 2139 1435 2162 cum
1462 2127 1602 2172 plebem
1631 2129 1674 2162 ad

220 2184 260 2207 ea
290 2174 477 2218 perducas,
504 2185 594 2219 quae
620 2178 730 2220 magis
757 2177 885 2210 decent
904 2182 1073 2231 mortuos,
1104 2178 1162 2222 qui
1187 2177 1280 2210 infra
1305 2154 1407 2220 q'ifam
1435 2185 1496 2209 eos
1523 2177 1581 2220 qui
1610 2186 1674 2209 su-

214 2231 278 2265 pra
303 2226 432 2254 terram
475 2228 680 2265 versantur,
714 2224 864 2257 adversa
905 2225 996 2257 enim
1030 2225 1190 2258 adversis
1227 2224 1387 2257 dividere
1421 2228 1456 2256 et
1492 2223 1674 2268 corrigere

214 2269 343 2301 iustum
371 2274 436 2310 est,
455 2269 680 2314 quamobrem
706 2271 808 2304 etiam
827 2271 1030 2312 Charmides
1047 2271 1272 2313 Larissensis‚
1294 2281 1369 2304 cum
1396 2271 1534 2304 audiret
1558 2280 1674 2314 quen-

215 2316 292 2348 dam
318 2322 516 2350 narrantem
543 2327 582 2350 se
610 2318 644 2350 in
665 2328 754 2362 aqua
783 2324 967 2352 aestuante
1000 2319 1101 2352 vivas
1128 2319 1261 2352 vidisse
1296 2317 1486 2362 anguillas,
1515 2317 1575 2350 has
1600 2317 1675 2361 igi..

215 2368 284 2404 tur,
311 2363 437 2408 inquit,
465 2365 500 2396 in
532 2364 661 2409 frigida
696 2375 900 2409 coquemus.
960 2371 998 2399 ut
1025 2366 1133 2410 igitur
1171 2371 1206 2398 et
1230 2366 1306 2408 ipse
1344 2366 1487 2408 ignarus
1516 2365 1675 2399 mansisti

219 2410 421 2454 quindecim
448 2422 559 2445 annos
590 2418 690 2446 natus
718 2413 911 2455 doctrinae,
939 2414 986 2446 ita
1013 2414 1088 2446 eius
1114 2418 1262 2446 aetatem
1296 2422 1464 2445 annorum
1489 2413 1675 2456 sexaginta

217 2466 382 2500 egressus
406 2464 441 2491 te
468 2460 662 2493 studiosum
689 2460 856 2494 simulare
873 2460 967 2493 nolis
993 2460 1111 2502 hodie,
1140 2459 1350 2503 simplicium
1374 2458 1514 2492 scilicet
1539 2465 1574 2492 et
1598 2459 1675 2502 pri-

215 2514 348 2538 morum
376 2515 541 2539 sonorum
564 2507 902 2551 elementorumque,
926 2507 1014 2540 haec
1038 2512 1120 2540 sunt
1144 2507 1284 2539 omnino
1311 2507 1453 2539 nomina
1482 2511 1516 2539 et
1542 2506 1672 2539 verba:

214 2552 362 2595 primum
399 2554 488 2585 onim
527 2555 648 2587 dicunt
682 2555 830 2587 solidum
858 2555 1028 2606 quoddam
1057 2555 1314 2587 fundamentum
1349 2554 1467 2586 iacere
1494 2558 1673 2596 oportere,

216 2599 297 2643 quid
325 2600 370 2632 sit
395 2610 536 2643 nomen,
565 2602 647 2645 quid
673 2602 832 2635 verbum.
883 2599 1022 2643 deinde,
1050 2601 1132 2645 quid
1158 2602 1204 2634 sit
1229 2600 1425 2633 adfirmatio
1463 2605 1497 2634 et
1529 2600 1674 2645 negatio

219 2651 253 2678 et
292 2648 466 2679 sententia
503 2654 537 2681 et
574 2649 756 2682 conclusio
798 2654 831 2682 et
865 2659 1096 2694 quaecunque
1131 2658 1174 2681 ex
1193 2641 1271 2680 hac
1308 2647 1485 2680 hominum
1524 2648 1676 2680 coniun-

222 2694 347 2726 ctione
370 2699 403 2727 et
421 2696 679 2739 compositione
706 2698 882 2730 nominum
911 2702 945 2730 et
965 2697 1150 2730 verborum
1177 2695 1391 2728 efficiuntur.
1417 2694 1560 2728 umbrae
1586 2693 1678 2727 enim

221 2741 473 2786 quodammodo
502 2753 617 2777 rerum
644 2749 724 2778 sunt
748 2745 828 2779 soni
854 2745 1044 2779 secundum
1069 2748 1185 2778 motus
1211 2742 1461 2777 substratorum
1481 2741 1617 2776 formati
1644 2745 1679 2775 et
