1768 3132
235 159 331 207 560
634 160 929 232 N1CEPHOR1
974 165 1276 210 GREGORAE

232 287 303 312 ται
344 269 426 326 γάρ
469 272 512 312 ἐν
554 267 660 329 ἄκρᾳ
700 271 856 313 κόλπου
880 270 1008 321 Ιτινὸς
1051 273 1294 324 θαλαττίου,
1333 274 1465 332 μέχρι
1492 277 1688 329 πλείστου

233 338 306 391 τῆς
336 338 537 386 Αἰολίδος
564 339 640 392 γῆς
670 337 912 393 προϊόντος,
943 338 1015 380 καὶ
1041 341 1123 380 τῶν
1153 339 1283 395 ὁρίων
1322 338 1405 397 ἤδη
1435 342 1588 395 σχεδὸν
1618 345 1692 398 τῆς

146 410 220 445 56
234 405 316 444 τῶν
346 404 505 445 Λυδῶν
546 404 875 459 παραψαύοντος
915 405 1075 460 χώρας.
1147 405 1299 462 ταύτης
1329 408 1593 464 ἐπιτροπεύει
1619 411 1692 464 τῆς

237 470 422 520 πόλεως,
462 468 509 511 ὃν
554 468 604 511 ἂν
633 469 656 511 ὁ
684 469 909 524 Ῥωμαίων
952 473 1086 514 ἕλοιτο
1123 472 1324 526 βασιλεὺς
1350 475 1423 517 καί
1451 472 1498 517 ὃν
1526 475 1571 517 ἐκ
1598 476 1689 517 Βυ-

238 536 414 588 ζαντίων
456 537 590 577 ἐκεῖσε
618 536 822 590 πέμψειε,
865 540 965 578 καθ’
1001 536 1048 579 ὃν
1071 534 1119 579 ἂν
1156 539 1228 581 καί
1259 540 1327 596 ἐφ’
1357 538 1456 583 ὅσον
1486 540 1725 597 κυρώσειεῖ)

234 602 402 657 χρόνον.
474 601 519 644 τὸ
562 601 613 657 δὴ
640 605 824 645 τοιοῦτον
863 604 1045 657 μαθόντι
1083 606 1143 661 τῷ
1180 607 1255 647 τοῦ
1295 602 1526 658 ἑαλωκότος
1563 607 1693 663 πατρὶ

229 666 412 723 Ὑρκανιό
443 668 490 709 οὗ
519 669 634 722 μάλα
664 686 704 711 τι
737 668 905 711 ἀνεκτὸν
933 671 1165 726 ἐνομίσθη,
1200 667 1288 713 ἀλλ’
1323 673 1477 715 οἰκείου
1497 674 1689 715 θανάτου
1742 663 1744 665 ’

231 734 341 788 μηδὲ
366 734 510 789 βραχύ
537 751 577 775 τι
605 734 812 786 ἀπεοικός,
840 734 906 778 ὅτι
934 735 1016 778 τὸν»
1036 735 1127 779 υἱὸν
1154 738 1386 799 ἑζημίωτοᾳ
1410 738 1501 793 μέν,
1530 737 1603 795 ὑφ’
1634 733 1692 781 ὧν

235 802 271 841 δ’
304 798 376 841 οὐκ
407 800 643 856 ᾐσθάνετο·
684 803 901 857 εἰκασμοῖς
927 802 1006 859 γάρ
1033 820 1120 846 τισι
1149 803 1223 845 καί
1252 810 1506 859 στοχασμοῑς
1536 805 1689 861 διαφό-

235 883 323 922 ροις
351 868 538 922 μερίζων
566 867 660 919 τοὺς
702 871 938 924 λογισμούς,
964 870 1174 925 μετέωρον
1217 875 1420 926 παρεῖχεν
1451 870 1578 926 ἀκοὴν
1603 876 1690 920 τοῖς
1706 879 1749 915 10

143 941 212 975 5⁸2
235 930 371 976 ἄλλοτ’
405 932 511 976 ἄλλα
541 937 775 990 θρυλλοῦσι
815 935 946 992 μέχρι
974 938 1141 978 πολλοῦ.
1201 936 1282 990 ὀψὲ
1314 938 1359 979 δὲ
1393 937 1600 989 Φωκαέας
1629 933 1689 979 εἶ-
1767 927 1768 939 ³

233 1017 304 1044 ναι
333 1002 598 1055 πεπυσμένος
625 1001 720 1051 τοὺς
750 1000 820 1044 τὸν
848 1003 941 1045 υἱὸν
959 1003 1231 1060 ἁρπάσαντας
1253 1004 1467 1059 πειρατάς,
1495 1004 1568 1046 καῖ
1593 1004 1687 1046 τού-

230 1084 328 1117 τους
351 1066 588 1122 Ῥωμαίους
615 1068 704 1122 μέν,
736 1069 780 1109 ἐκ
813 1070 850 1110 δ’
873 1069 1112 1124 ἀλλοδαπῆς
1131 1069 1240 1120 τινὸς
1267 1071 1340 1112 καί
1366 1070 1687 1126 μιξοβαρβάρου

230 1134 304 1188 τῆς
330 1134 491 1189 χώρας,
522 1134 595 1176 καί
623 1134 717 1188 μήτ’
741 1135 785 1175 ἐκ
815 1135 1022 1190 θαλάττης
1052 1134 1163 1187 ἔχων
1190 1136 1283 1191 μήτ’
1315 1138 1356 1186 ἐξ
1385 1135 1562 1192 ἠπείρου
1594 1135 1688 1186 τοὺς

230 1197 300 1240 τὸν
327 1198 420 1240 υἱὸν
449 1199 721 1254 κεκτημένους
750 1199 1008 1253 ἀμύνασθαι,
1040 1200 1146 1256 πρὸς
1175 1202 1302 1255 μόνον
1324 1201 1488 1256 ’ἔβλεψε
1505 1200 1576 1243 τὸν
1605 1204 1686 1255 βα-
1703 1217 1745 1252 15

231 1266 350 1307 σιλέα
367 1297 378 1316 ,
420 1267 492 1308 καί
519 1266 647 1322 τούτῳ
675 1267 880 1322 παρέχειν
909 1266 1005 1309 ὅλον
1035 1264 1185 1309 ἑαυτὸν
1230 1267 1420 1322 ἀσμένως
1446 1261 1686 1320 ὑπισχνεῖτο

188 1384 190 1386 v
233 1332 354 1388 φίλον
380 1347 424 1374 τε
469 1332 684 1389 ἀκραιφνῆ
722 1332 794 1374 καί
838 1333 1062 1389 πρόθυμον
1103 1332 1312 1389 ὑπηρέτην
1353 1333 1460 1389 πρὸς
1501 1332 1611 1376 ἅπαν
1640 1333 1686 1376 τὸ

229 1398 512 1452 κελευόμενον,
541 1398 615 1441 καὶ
642 1399 876 1454 χρημάτων
911 1397 1100 1455 ἄφθονον
1119 1399 1313 1455 παροχέα
1341 1401 1423 1442 τῶν
1455 1399 1688 1456 ἀνηκόντων

233 1465 292 1513 εἰς
316 1465 497 1520 χρείαν,
540 1466 576 1506 εἰ
606 1465 732 1519 μόνον
764 1464 880 1521 εὕροι
928 1465 1047 1509 λύσιν
1075 1467 1148 1508 τοῦ
1179 1467 1317 1508 δεινοῦ
1342 1468 1415 1508 καί
1449 1468 1583 1520 ζῶντα
1613 1464 1687 1521 τὴν

141 1535 212 1569 68
230 1531 431 1585 ταχίστην
470 1531 594 1584 λάβοι
638 1530 708 1573 τὸν
749 1533 897 1574 παῖδα.
972 1532 1184 1588 μετεώρου
1216 1547 1261 1588 γε
1285 1531 1368 1587 μὴν
1395 1534 1468 1587 τῆς
1494 1532 1745 1588 τοιαύτηςρο

235 1594 360 1652 οὔσης
391 1598 618 1650 ἀσχολίας,
646 1599 847 1640 τεθνάναι
873 1598 976 1648 τέως
1022 1599 1177 1655 συνέβη
1206 1599 1279 1641 καί
1306 1600 1377 1642 τὸν
1405 1598 1687 1655 πρεσβύτερον

57 1660 167 1706 [273
184 1666 312 1706 ο.τῶν
335 1663 534 1721 Ὑρκανοῦ
566 1666 743 1717 παίδων,
773 1664 820 1707 ὃν
847 1666 919 1708 καί
966 1666 1165 1719 διάδοχον
1195 1668 1412 1721 ἐταμιέυεν
1438 1661 1590 1708 ἑαυτοῦ
1615 1660 1688 1710 noia*

232 1860 320 1896 libet
344 1859 415 1896 alia
442 1866 477 1896 et
499 1872 564 1906 per
588 1860 717 1898 multos
743 1872 854 1898 annos
880 1873 921 1897 ac
947 1863 1087 1908 quisita.
1149 1873 1258 1908 quare
1283 1873 1388 1908 quum
1411 1860 1504 1896 bene
1528 1869 1684 1906 cognos-

230 1915 286 1944 set
312 1908 376 1943 illa
401 1910 553 1954 praedae
579 1911 728 1954 pretium
757 1910 857 1944 illico
894 1921 973 1945 sese
1009 1915 1149 1954 praeter
1175 1910 1369 1944 Phocaeam
1393 1910 1530 1943 domum
1556 1913 1685 1942 contu-

230 1956 284 1990 lit.
344 1957 426 1991 urbs
469 1963 584 1991 autem
619 1958 702 1991 olim
737 1957 921 1991 Hellenica
942 1982 951 1999 ‚
978 1968 1071 1991 nunc
1099 1967 1186 1991 vero
1210 1957 1368 1991 barbaris
1394 1956 1576 1990 tributaria
1603 1960 1641 1989 ut
1664 1965 1684 1988 a
1739 1980 1741 1983 .

229 2004 357 2037 timore
385 2010 419 2038 et
444 2004 603 2047 periculo
629 2015 756 2039 secura
789 2015 866 2038 esse
893 2011 1038 2048 posset,
1070 2005 1136 2038 sita
1170 2010 1222 2038 est
1255 2005 1291 2037 in
1318 2004 1558 2048 promontorio
1586 2003 1681 2036 sinus

229 2051 407 2094 maritimi,
435 2053 472 2085 in
496 2052 680 2086 Aeolidem
710 2058 837 2086 terram
864 2052 1072 2096 longissime
1098 2052 1310 2085 incurrentis
1337 2056 1372 2084 et
1397 2051 1483 2084 fines
1509 2049 1682 2092 Lydorum

229 2103 345 2131 terrae
374 2109 487 2142 paene
525 2100 743 2143 attingentis.
801 2100 858 2133 cui
895 2100 972 2132 urbi
999 2100 1148 2142 imperat
1185 2100 1244 2142 qui
1278 2109 1298 2131 a
1335 2098 1568 2131 Romanorum
1594 2106 1682 2140 rege

230 2151 368 2179 creatus
395 2151 430 2178 et
456 2146 627 2188 Byzantio
651 2148 776 2180 missus
805 2148 851 2180 sit
875 2147 910 2179 in
937 2152 1074 2189 tempus
1112 2151 1275 2190 quantum
1300 2145 1364 2178 ille
1389 2144 1562 2178 statuerit.
1612 2143 1680 2176 hoc

228 2202 316 2226 vero
343 2203 446 2236 quum
474 2195 565 2236 capti
600 2195 690 2237 patri
725 2194 888 2237 Hyrcano
914 2193 1062 2226 relatum
1094 2198 1187 2226 esset
1216 2202 1286 2226 non
1319 2191 1538 2225 tolerandum
1565 2190 1679 2223 visum

230 2244 306 2280 est,
341 2240 402 2273 sed
437 2241 529 2274 domi
554 2251 618 2284 per
643 2241 753 2274 breve
787 2247 924 2284 tempus
958 2246 1094 2273 mortuo
1129 2250 1199 2273 non
1236 2238 1407 2272 absimilis
1440 2248 1544 2282 quum
1570 2237 1679 2270 filium

230 2291 367 2329 captum
401 2287 541 2331 quidem
575 2298 647 2321 non
681 2298 766 2322 vero
796 2298 815 2320 a
842 2287 966 2332 quibus
1000 2289 1135 2329 sciret,
1172 2285 1489 2319 coniectationibus
1515 2290 1550 2317 et
1571 2284 1679 2318 variis

227 2334 511 2376 reputationibus
537 2340 687 2368 mentem
714 2335 912 2368 distrahens
939 2335 996 2367 diu
1022 2335 1174 2367 incertas
1212 2343 1315 2366 aures
1342 2332 1522 2365 fluctuanti
1547 2331 1680 2365 rumori

228 2380 401 2423 praebuit,
432 2382 544 2414 donec
570 2381 771 2415 Phocenses
796 2383 926 2425 piratas
953 2381 1062 2414 filium
1089 2381 1250 2424 tepuisse
1275 2380 1519 2422 comperisset,
1545 2387 1676 2422 eosque

230 2437 308 2460 esse
342 2428 516 2466 Romanos
550 2429 612 2462 sed
650 2440 693 2462 ex
727 2431 915 2472 peregrina
953 2435 987 2462 et
1023 2438 1098 2461 cum
1134 2427 1290 2461 barbaris
1323 2427 1430 2459 mixta
1454 2431 1560 2459 terra.
1610 2425 1678 2457 iam

229 2484 332 2517 quum
360 2485 478 2519 neque
503 2485 522 2508 a
558 2476 646 2509 mari
672 2486 788 2520 neque
821 2486 841 2508 a
867 2476 1070 2508 continente
1107 2474 1170 2508 filii
1197 2479 1355 2517 raptores
1396 2473 1519 2516 punire
1544 2476 1678 2515 posset,

229 2531 334 2553 unum
361 2522 403 2555 ad
427 2532 548 2566 regem
575 2533 614 2556 se
641 2524 830 2564 convertit,
858 2528 893 2555 et
915 2522 995 2554 huic
1019 2527 1127 2555 totum
1154 2532 1192 2555 se
1220 2531 1263 2554 ex
1287 2521 1402 2555 animo
1430 2520 1506 2552 sore
1531 2518 1678 2562 pollici-

229 2573 286 2600 tus
313 2574 365 2601 est
390 2570 536 2602 amicum
567 2575 602 2602 et
637 2580 758 2603 verum
804 2575 838 2602 et
864 2575 1058 2612 promptum
1100 2568 1292 2601 adiutorem
1329 2569 1365 2600 in
1401 2566 1561 2600 omnibus
1587 2575 1678 2610 quae

227 2615 392 2657 iuberet,
419 2627 528 2660 seque
566 2617 733 2659 pecunias
759 2617 980 2649 necessarias
1006 2617 1083 2649 sine
1110 2615 1231 2648 fraude
1255 2614 1463 2654 soluturum,
1489 2613 1590 2646 modo
1618 2613 1677 2645 in-

228 2661 345 2694 felicis
373 2663 437 2695 filii
462 2663 706 2696 liberationem
733 2664 997 2696 nancisceretur
1020 2664 1120 2706 isque
1146 2662 1212 2695 sibi
1233 2672 1333 2705 quam
1361 2660 1547 2694 celerrime
1573 2659 1676 2693 vivus

227 2708 447 2742 redderetur.
498 2720 619 2743 verum
650 2720 692 2743 eo
719 2712 797 2754 ipso
821 2716 980 2753 tempore
1018 2720 1122 2753 quum
1147 2709 1235 2741 nihil
1275 2711 1311 2741 in
1337 2718 1375 2741 re
1402 2707 1465 2740 illa
1490 2707 1557 2740 iam
1586 2716 1676 2739 eve-

227 2755 353 2799 nisset,
379 2757 507 2792 accidit
531 2762 568 2791 ut
593 2757 748 2801 Hyrcani
776 2757 869 2795 filius
893 2762 978 2791 natu
1007 2756 1118 2791 maior
1143 2756 1344 2798 moriretur,
1370 2764 1473 2800 quem
1499 2753 1563 2788 ille
1591 2763 1676 2788 suc-
