1826 3120
279 140 578 187 msa-omma
616 123 960 186 immam
977 142 1123 186 xxxi.
1146 122 1321 184 5-9.
1460 110 1572 184 353·

87 249 140 292 οὕ
164 250 293 292 τοῦτο
320 247 426 305 γάρ,
458 237 551 292 ov'd'
595 244 728 300 οὕτως
762 246 783 292 ὅ
815 252 930 300 θεῖος
969 249 1013 299 ἒς
1043 248 1286 302 Δαμασκοῦ
1315 245 1447 303 φησὶν
1467 245 1561 289 'lm-

50 351 52 354 .
84 315 224 373 άννης,
256 315 365 360 α’λλὰ
401 315 446 361 τὸ
479 319 526 360 ἐκ
556 319 721 360 πολλῶν
759 317 834 360 καί
877 315 1104 373 διαφόρων
1139 317 1416 370 συγκείμενον
1457 312 1557 358 σύν-

35 424 40 426 .
85 382 215 427 θετόν
243 385 370 428 ἐστιν.
429 383 451 427 ὅ
482 386 528 427 δὲ
548 387 768 438 Παλαμιῖς
791 386 835 436 ἐξ
864 386 1061 438 α’μαθιάς
1089 379 1180 436 ἅμα
1202 380 1275 424 καί
1302 382 1559 436 κακουργίας

82 450 236 507 μικρὸν
266 449 511 504 υπαλλάξας
542 450 618 506 τήν
640 450 967 508 ἑπιστημονικὴν
988 467 1057 493 και
1089 449 1307 505 θεοπρεπῆ
1339 448 1463 506 ῥῆσιν
1482 450 1559 492 τοῦ

49 517 237 574 δᾶγίου,
269 516 369 576 ὅλην
413 516 524 573 ὅμοῦ
561 536 632 562 και
679 518 756 575 τὴν
802 517 967 562 ἔννοιαν
1005 519 1366 603 συνδιέφθαρκεν.
1431 517 1558 559 ουδὲν

82 602 165 643 γαρ
194 587 335 642 ἕτερον
365 585 499 630 ἔοικεν
544 583 651 630 εἶναι
682 585 729 629 τὸ
775 590 930 642 λεχθὲν
962 586 1035 628 ὑπ’
1071 585 1205 628 αὕτοῧ
1244 578 1271 638 ἢ
1316 599 1457 640 ωσπερ
1503 579 1557 626 ἂν

82 652 129 696 εἴ
147 669 214 704 τις
240 655 353 709 λέγοι
381 656 523 698 πᾶσαν
549 654 676 709 χιόνα
715 654 941 711 λευκότητα
972 651 1158 707 ἔχουσαν
1196 650 1399 708 ου’σιώδη,
1425 650 1553 706 χιόνα
1573 664 1604 698 Β

83 717 192 764 εἶναι
235 721 400 776 λευκήν.
467 723 590 764 τοῦτο
633 722 670 763 ‹5’
711 716 818 763 εἶναι
857 737 927 762 και
967 723 1044 762 τοῦ
1093 722 1139 763 ἐν
1180 718 1294 775 α’ρχῇ
1335 718 1597 761 αἰτεῖσθαιῖ.
1615 724 1726 761 167τ.

81 788 222 847 πολλῷ
270 785 408 843 δήπου
447 794 608 843 χεῖρον.
677 784 769 831 εἶτα
811 788 989 844 ἐπήγαγε
1031 785 1076 830 τό
1125 785 1383 840 θαυμαστὸν
1419 787 1555 829 ἑκεῖνο
1683 790 1687 798 “

27 857 399 910 1οσυμπέρασμα,
446 871 504 905 ως
546 854 567 897 ὅ
595 855 696 906 θεὸς
733 871 832 897 ουτε
873 858 957 898 ταῖν
988 857 1274 910 συγκειμένων
1309 855 1425 896 ἐστιν
1456 868 1555 896 ουτε

81 923 168 966 τῶν
194 921 416 973 οὖσιώδεις
458 922 673 980 διαφοράς
707 921 904 977 ἐχόντων.
975 924 1164 965 ἐνταῦθα
1201 923 1354 976 λεγέτω
1387 924 1469 973 μοι’
1493 938 1556 973 τις

81 989 190 1045 πρὸς
214 990 347 1044 θεοῦ,
385 991 509 1034 ποιόυ
556 989 776 1044 σχήματος
819 989 841 1033 ὃ
881 992 1071 1039 τοιοῦτος
1115 986 1167 1031 ἄν
1206 987 1271 1044 εἴη
1310 987 1555 1044 τερατώδης

81 1057 377 1112 συλλογισμός,
405 1058 487 1099 κα’κ
504 1058 626 1106 ποίας
649 1058 937 1114 καινοφανοῦς
961 1058 1034 1099 κατ’
1052 1054 1251 1112 νεήλυδος
1273 1052 1392 1113 ῥίζης
1409 1057 1554 1112 ἐξέφυ.

49 1119 174 1167 ςεἶτα
202 1123 386 1180 ἐπήγαγε
419 1127 538 1181 ξένην
581 1119 712 1174 αὖθις
742 1127 816 1167 καί
846 1123 1136 1167 ἀκατάσκευον
1174 1121 1441 1177 κατασκευήν
1465 1121 1554 1166 ἑτέ-

25 1207 68 1244 15
81 1207 159 1248 ρου
188 1193 322 1248 δῆθεν
352 1194 655 1247 συλλογισμοῦ.
733 1193 829 1236 §nsi
854 1192 962 1248 γάρ,
993 1193 1122 1249 φησί,
1164 1192 1244 1245 μιά
1286 1190 1360 1233 καί
1390 1184 1556 1245 ἆμερὴς

79 1259 352 1303 παντάπασιν
380 1257 406 1315 ἧ
438 1261 511 1302 τοῦ
539 1261 647 1301 θεοῦ
677 1260 831 1314 οὐσία,
863 1256 933 1302 διὰ
959 1262 1081 1302 τοῦτο
1111 1257 1327 1316 διαφοράς
1358 1257 1434 1299 οὔκ
1462 1254 1554 1310 ἔχει

79 1325 323 1377 ου’σιοὸδεις.
384 1323 594 1382 ου’σιαὶδης
632 1323 713 1382 γάρ
745 1325 846 1384 ἐστι,
877 1328 997 1385 φησί,
1029 1324 1219 1383 διαφορά
1249 1327 1346 1368 καθ’
1377 1320 1429 1379 ἢν
1457 1326 1556 1367 δια-

45 1401 51 1406 “
77 1397 203 1452 φέρει
232 1395 359 1438 ου’σία
389 1394 553 1444 οὕσιάς.
612 1396 687 1437 καί
715 1393 762 1437 τό
789 1397 1082 1448 συμπέρασμα
1114 1389 1176 1437 ὅτι
1214 1392 1316 1436 κατά
1348 1392 1554 1436 πλειόνων

79 1458 166 1516 ἄρα
195 1463 319 1506 εἶδῶν
350 1461 425 1504 καί
456 1463 614 1504 ου’σιῶν
657 1463 764 1505 εἰσίν
793 1460 839 1505 αἶ
873 1464 1093 1518 διαφοραί.
1159 1462 1233 1504 καί
1256 1460 1342 1516 μὴν
1368 1460 1412 1504 τὸ
1445 1475 1607 1517 προ-ο

17 1532 267 1582 αοκείμενον
296 1524 348 1583 ἦν
392 1530 510 1587 αὐτῷ
549 1531 627 1571 τοῦ
675 1531 1005 1586 ἐπενηνεγμένου
1051 1527 1205 1572 ἑαυτὸν
1247 1528 1554 1572 ἀπολύσασθαι

77 1595 360 1655 ἐγκλήματος,
390 1599 465 1639 καί
506 1598 645 1649 δεῖξαι
669 1599 848 1654 μηδαμῇ
875 1602 960 1646 τοῖς
999 1600 1058 1655 τῷ
1094 1594 1200 1656 ἁγίῳ
1247 1599 1554 1652 περιπίπτοντα

77 1663 448 1720 α’πηγορευμὲνοις.
522 1663 781 1719 ἀπαγορεύει
824 1663 905 1720 γὰρ
950 1664 971 1706 ὅ
1001 1662 1287 1720 Δαμασκηνὸς
1327 1661 1387 1719 μή
1415 1667 1554 1720 λέγειν

76 1727 182 1776 εἶναι
215 1731 422 1776 σύνθετον
453 1729 501 1775 τὸ
532 1735 661 1787 θεῖον,
686 1733 789 1789 μηδ’
818 1734 865 1775 ἐκ
893 1735 1060 1775 πολλῶν
1092 1734 1165 1775 καί
1194 1729 1417 1789 διαφόρων
1446 1748 1556 1787 συγ-

75 1974 148 2006 tum
177 1979 269 2006 esse.
329 1980 405 2006 non
435 1972 527 2006 enim
554 1972 624 2006 hoc
657 1972 707 2006 ita
741 1972 830 2007 dixit
854 1972 1008 2007 Ioannes
1035 1971 1299 2014 Damascenus,
1336 1971 1422 2006 sed:
1456 1972 1549 2017 quod

77 2018 200 2052 multis
225 2023 260 2052 et
287 2020 396 2054 variis
426 2021 657 2062 continetur,
697 2021 930 2065 compositum
970 2025 1035 2054 est.
1088 2019 1245 2052 Palamas
1271 2023 1387 2052 antem
1417 2018 1462 2053 ob
1488 2020 1549 2053 in-

76 2067 216 2101 scitiam
242 2071 279 2101 et
306 2067 568 2111 improbitatem
597 2069 700 2101 docta
729 2074 764 2101 et
791 2068 964 2110 religiosa
982 2068 1094 2101 saneti
1112 2067 1277 2100 oratione
1303 2065 1436 2100 leviter
1455 2076 1548 2112 quo..

76 2113 260 2148 dammodo
287 2119 418 2148 mutata
443 2121 551 2149 totam
585 2114 689 2150 simul
717 2116 929 2149 sententiam
969 2115 1113 2148 evertit.
1176 2124 1294 2159 neque
1334 2114 1426 2147 enim
1452 2114 1549 2148 aliud

76 2162 218 2196 videtur
243 2162 375 2196 dictum
402 2162 446 2196 ab
474 2173 516 2196 eo
545 2174 638 2206 esse,
665 2174 767 2208 quam
794 2164 823 2197 si
851 2163 930 2207 quis
957 2163 1088 2196 dixerit
1114 2172 1251 2195 omnem
1271 2163 1390 2195 nivem
1418 2161 1548 2205 albam,

30 2224 32 2226 ·
77 2210 135 2243 cui
162 2213 216 2243 est
245 2210 446 2244 essentialis
484 2211 635 2252 albed03
674 2211 742 2244 hoc
770 2222 850 2245 esse
875 2210 986 2243 multo
1014 2211 1115 2254 peius
1142 2220 1245 2254 quam
1279 2209 1323 2242 ab
1347 2209 1450 2243 initio
1478 2219 1548 2254 po-

76 2255 214 2291 stulari.
265 2257 347 2291 dein
373 2259 495 2292 miram
521 2258 619 2292 illam
647 2258 916 2293 conclusionem
933 2258 1090 2291 addidit:
1116 2257 1203 2291 deus
1216 2267 1335 2302 neque
1365 2267 1408 2289 ex
1433 2257 1478 2291 iis
1494 2262 1549 2291 est

77 2313 169 2349 quae
197 2305 438 2347 continentur,
467 2316 585 2351 neque
613 2317 656 2340 ex
682 2307 726 2340 iis
752 2317 844 2351 quae
862 2305 1075 2339 essentiales
1089 2306 1284 2338 varietates
1311 2303 1454 2338 habent.
1497 2305 1547 2338 ibi

76 2352 172 2386 dicat
195 2351 282 2385 mihi
310 2353 484 2397 quispiam
512 2364 577 2398 per
604 2354 730 2396 deum,
757 2353 953 2387 cuiusmodi
980 2354 1027 2386 sit
1055 2352 1137 2385 talis
1162 2351 1334 2386 mirabilis
1361 2352 1546 2386 conclusio

77 2404 113 2433 et
139 2410 159 2432 e
185 2409 253 2444 qua
278 2410 374 2434 nova
409 2406 445 2434 et
482 2402 618 2435 recenti
647 2402 767 2435 radice
793 2400 898 2435 orta?
948 2401 1030 2434 dein
1057 2400 1209 2434 alienam
1238 2405 1273 2433 et
1294 2399 1386 2432 male
1401 2409 1546 2444 compa-

75 2451 186 2480 ratam
217 2447 366 2481 alteram
393 2448 661 2485 conclusionem
693 2449 924 2493 comparavit
986 2458 1090 2492 quum
1127 2449 1219 2481 enim
1245 2457 1328 2489 una,
1355 2448 1484 2492 inquit,
1511 2453 1547 2481 et

17 2526 19 2529 ,
74 2494 251 2538 impartita
276 2496 418 2529 omnino
446 2497 503 2530 dei
544 2498 702 2531 essentia
734 2502 810 2538 est,
841 2496 1034 2530 varietates
1070 2505 1142 2529 non
1182 2495 1288 2528 habet
1315 2495 1541 2529 essentiales.

16 2571 19 2576 .
75 2541 278 2575 essentialis
305 2544 396 2576 enim
424 2544 581 2577 varietas
609 2550 675 2586 est,
702 2555 770 2589 qua
800 2544 918 2577 differt
945 2544 1099 2576 essentia
1124 2543 1168 2576 ab
1184 2543 1352 2576 essentia.
1405 2548 1440 2576 et
1454 2552 1545 2576 cou-

73 2588 241 2630 cluditur,
268 2588 391 2634 plures
425 2591 555 2625 formas
591 2597 627 2625 et
653 2592 828 2625 essentias
867 2590 1014 2625 efficere
1043 2592 1250 2624 varietates.
1301 2595 1544 2624 verumtamen

74 2636 108 2670 ei
134 2639 354 2681 propositum
382 2638 462 2680 fuit,
489 2649 547 2681 eo,
573 2640 666 2684 quod
692 2640 759 2673 sibi
787 2639 965 2672 obiectum
994 2643 1082 2680 erat,
1109 2649 1148 2671 se
1175 2638 1329 2672 liberare
1352 2643 1387 2672 et
1401 2639 1544 2672 minime

72 2684 108 2717 in
138 2693 193 2725 ea,
218 2694 310 2729 quae
336 2695 356 2718 a
383 2691 506 2719 sancto
532 2692 663 2731 negata
694 2693 807 2728 erant,
834 2686 1021 2727 incidisse,
1049 2686 1252 2720 ostendere.
1302 2691 1413 2730 negat
1449 2687 1542 2719 enirn

71 2730 311 2766 Damascenus
338 2733 523 2766 dicendum
554 2745 647 2777 esse,
664 2735 896 2779 compositum
926 2734 1029 2767 deum
1057 2744 1137 2768 esse
1163 2739 1199 2767 rt
1223 2734 1344 2767 multis
1363 2744 1404 2767 ac
1433 2735 1543 2768 variis

72 2780 264 2822 contineri,
291 2790 386 2825 quae
412 2786 512 2815 erant
537 2782 958 2826 increatum‚aeternum,
976 2782 1216 2829 omnipotens,
1243 2782 1432 2826 inlinitum,
1450 2792 1541 2829 quae

143 2843 360 2892 Nicepkms
388 2844 535 2892 Gregor.
570 2845 642 2882 Vol.
667 2846 740 2883 111.
1207 2897 1210 2901 ἱ
1249 2846 1295 2888 23
