1826 3120
203 140 309 195 2041
400 191 403 195 .
464 193 469 198 ,
609 151 905 196 NlcEPuom
957 149 1273 195 GREGORAE.
1331 160 1335 166 ¹

199 257 372 312 βούλοιο
403 259 469 312 σύ,
500 256 770 313 σιωπήσομαι
790 272 800 282 ·
840 258 1080 312 α’ποχρῆναι
1103 274 1185 313 γαρ
1214 253 1332 312 οἶμαι
1364 262 1441 302 καί,
1466 260 1543 318 τὴν
1571 263 1658 307 τῶν

200 327 486 377 σιωπωμένων
515 323 774 378 συμβάλλειν
801 323 995 366 ἐντεῦθεν
1035 323 1235 380 ποιότητα
1271 327 1564 383 λογικωτέραις
1593 329 1658 375 εἰ-

200 393 368 441 κασίαις
398 391 468 433 τόν
494 406 538 445 γε
566 390 737 434 συνετόν
765 390 988 451 α’κροατὴν,
1017 391 1056 434 εἰ
1084 394 1156 433 καί
1183 394 1500 448 φρικωδέστερα
1516 395 1658 451 πέφυ-

200 473 268 499 κεν
291 457 392 507 ἴσως
425 456 561 500 ὁπόσα
602 457 621 499 ὃ
654 456 890 506 Κάλλιστος
922 457 1273 514 Καντακουζηνόν
1317 462 1588 516 κατατρέχων
1613 464 1656 512 ἐς

199 523 242 566 τὸ
275 523 383 567 πάνυ
417 523 683 579 τραχύτατον
713 522 978 580 ἐξηρεύξατο.
1667 533 1689 568 5

334 594 424 633 Kal
452 591 473 632 ὅ
513 593 592 643 μὲν
635 592 940 646 Ἀγαθάγγελος
980 594 1152 634 τοιαῦτα
1194 591 1323 636 εἰπών
1368 594 1656 644 καὶακούσας

197 657 272 713 τὴν
298 659 501 701 εἰωθυῖαν
525 660 848 712 ἐπαλινδρόμει,
888 658 1026 718 λάθρᾳ
1068 659 1141 701 καί
1177 661 1272 701 καθ’
1304 659 1486 715 ἡσυχίαν
1513 659 1656 704 οἴκαδε

201 722 348 766 α’πιοόν.
407 723 480 766 καί
515 721 536 764 ὅ
577 723 737 778 χειμών
784 727 828 767 ἐν
868 724 1031 775 τούτοις
1066 722 1184 767 οὔπω
1227 728 1305 779 μὲν
1343 730 1493 776 τελέως
1537 725 1661 783 ἔληγει

199 791 237 832 δ’
267 785 354 833 οὖν.

110 859 182 894 48
319 854 448 912 ”Apu
489 860 534 901 δὲ
567 861 640 914 τῆς
679 857 792 913 ὥρας
832 861 1129 915 ἐφεστηκυιάς.
1152 864 1194 903 ἐν
1230 855 1256 919 ᾗ
1300 863 1444 916 ψυχαί
1481 861 1713 918 ζωτικαίιρ

197 923 303 979 πρός
335 925 566 979 α’ναβίωσιν
589 927 722 982 πάσης
745 927 969 980 α’νίσχουσι
992 929 1075 981 γῆς,
1101 926 1233 982 χλόην
1251 929 1523 980 ἐνδεδυμέναι
1545 945 1653 971 παν-

195 991 382 1046 τοδαπὴν
413 994 483 1034 καί
502 995 783 1043 παντοδαποῖς
802 997 1152 1050 περιηνθισμένην
1171 1000 1254 1044 τοῖς
1283 995 1495 1050 χρώμασι,
1518 998 1653 1038 Ματ-

195 1062 306 1117 θαίῳ
340 1058 526 1115 διάδημα
571 1065 834 1117 περιτίθησιν
886 1062 1232 1115 αὐτοκρατορικόν
1276 1061 1295 1103 ὅ
1334 1061 1472 1117 πατὴρ
1513 1064 1558 1104 ἐν
1591 1064 1653 1120 τῷ

197 1128 449 1182 Βλαχερνῶν
478 1130 580 1186 θείῳ
603 1131 779 1180 τεμένει,
802 1131 1013 1170 Φιλοθὲου
1045 1129 1119 1170 τοῦ
1147 1127 1254 1180 μετὰ
1276 1128 1516 1172 Κάλλιστον
1546 1145 1652 1172 νεω-

192 1192 260 1235 στί
289 1195 556 1249 πατριάρχου
586 1194 688 1237 κατὰ
719 1194 762 1237 τὸ
796 1195 925 1236 πάλαι
950 1194 1201 1250 κεκρατηκὸς
1228 1195 1322 1244 ε”θος
1352 1199 1404 1254 τῇ
1418 1198 1541 1256 χρείᾳ
1571 1211 1710 1252 aea-15

192 1260 575 1316 θυπουργήσαντος.
640 1260 791 1311 σκοπός
830 1263 866 1302 δ’
911 1257 960 1316 ἦν
1002 1263 1056 1320 τῷ
1104 1265 1180 1320 νέῳ
1223 1265 1375 1321 τουτῳί
1415 1260 1647 1318 διαδήματι

191 1324 299 1370 (ὅστε
327 1327 394 1370 τὸν
419 1327 509 1370 υἱὸν
529 1328 758 1383 συνάρχειν
784 1331 862 1381 μὲν
890 1332 945 1386 τῷ
974 1328 1101 1382 πατρὶ
1133 1328 1203 1371 διὰ
1232 1330 1344 1383 βίου,
1372 1327 1651 1384 τελευτήσαν-

17 1393 260 1444 r.112v.10;
307 1396 346 1436 δ’
375 1394 478 1442 ἴσως
516 1396 644 1438 αὐτοῦ
689 1398 759 1437 διὰ
801 1399 932 1451 γῆρας
975 1395 1102 1448 μόνον
1144 1398 1188 1438 ἐκ
1217 1387 1421 1451 διαδοχῆς
1450 1393 1523 1439 τὸν
1553 1394 1647 1438 υἱὸν

191 1463 553 1517 αὐτοκρατορικῶς
580 1462 628 1505 τά
660 1466 729 1517 τῆς
756 1465 974 1517 βασιλείας
1007 1465 1162 1506 διέπειν
1200 1466 1400 1518 σκῆπτρα.
1459 1465 1534 1506 τοῦ
1563 1462 1642 1518 γὰρ

189 1527 383 1582 γαμβροῦ
413 1527 713 1584 Παλαιολόγου
753 1531 867 1571 πᾶσα
899 1531 1164 1571 παντάπασιν
1203 1529 1494 1584 κατεψηφίστο
1522 1525 1706 1584 λὴθη,20

189 1596 263 1636 καί
289 1594 405 1648 θῦρα
433 1598 602 1651 φιλικῆς
633 1595 827 1647 ὁμονοίας
858 1597 1006 1644 τελέως
1036 1595 1279 1639 ἑκέκλειστο.

101 1660 174 1694 ‘¹⁴¹
314 1661 496 1716 εΗμέραι
514 1662 670 1715 μεταξὺ
703 1663 1004 1718 παρερρύησαν
1025 1665 1077 1705 ου’
1092 1665 1209 1716 μάλα
1226 1665 1394 1717 συχναί,
1425 1664 1498 1705 καί
1519 1665 1649 1705 Ματ-

187 1731 310 1779 θαῖος
357 1727 377 1772 ὃ
415 1731 505 1778 νέος
541 1729 688 1772 οὑτοσί
720 1730 924 1783 βασιλεὺς
971 1731 1031 1780 εἷς
1069 1729 1146 1786 τήν
1183 1732 1452 1785 ἐγκλειόυσαν
1492 1727 1648 1786 ταύτην

190 1930 292 1964 cebo.
340 1941 421 1964 nam
447 1936 485 1965 ut
510 1932 617 1966 certis
635 1931 830 1966 rationibus
851 1931 1024 1966 coniicius
1051 1942 1092 1966 ea
1117 1943 1207 1978 quae
1231 1932 1374 1967 silentio
1396 1933 1645 1977 praetermissa

189 1982 271 2011 sunt
296 1978 414 2022 qualia
439 1979 509 2012 sint
535 1978 642 2012 facile
668 1985 703 2013 te
728 1986 971 2014 assecuturum
997 1985 1082 2023 puto
1111 1981 1141 2014 si
1178 1990 1268 2024 quae
1309 1981 1403 2014 dicta
1427 1985 1509 2024 suut
1532 1981 1644 2025 probe

189 2025 356 2067 audieris,
388 2027 453 2059 etsi
479 2027 671 2070 asperrima
695 2033 775 2060 sunt
800 2028 947 2061 forsitan
981 2038 1071 2072 quae
1100 2027 1265 2063 Callistus
1299 2028 1335 2061 in
1361 2028 1644 2062 Cantacuzenum

188 2072 351 2106 invectus
377 2074 606 2107 acerbissime
634 2076 802 2108 evomuit.

318 2138 586 2183 Agathangelus
621 2138 709 2172 haec
743 2149 848 2183 quum
883 2139 1030 2173 dixisset
1055 2140 1281 2184 audissetque
1319 2140 1378 2173 via
1412 2150 1479 2184 qua
1505 2139 1644 2174 solebat

188 2186 278 2220 clam
304 2197 381 2220 cum
407 2186 551 2220 silentio
569 2186 706 2220 domum
729 2187 847 2220 rediit.
876 2186 988 2221 hiems
1014 2193 1128 2220 autem
1155 2187 1209 2221 his
1226 2186 1330 2221 rebus
1357 2187 1510 2221 nondum
1537 2187 1643 2232 plane

185 2233 344 2268 absumta
371 2239 435 2267 est.

320 2291 390 2325 Iam
413 2296 572 2335 tempore
606 2291 671 2324 illo
710 2301 779 2336 quo
819 2292 925 2326 vivae
962 2293 1068 2326 totius
1103 2298 1218 2326 terrae
1251 2293 1389 2326 animae
1426 2298 1643 2327 unascuntur

183 2344 289 2383 atque
314 2339 556 2380 revirescunt,
590 2338 746 2373 herbano
782 2340 924 2373 indutae
950 2341 1082 2373 variam
1106 2341 1285 2385 variisque
1311 2340 1508 2374 distinctam
1536 2339 1641 2374 colo-

183 2387 307 2428 ribus,
334 2386 509 2420 Matthaeo
536 2386 686 2419 liberum
714 2388 895 2430 imperium
930 2388 1025 2420 dedit
1056 2393 1155 2431 pater
1189 2389 1264 2421 eius
1301 2388 1338 2421 in
1360 2387 1640 2421 Blachernorum

184 2433 316 2477 templo
344 2443 363 2466 a
389 2433 579 2467 Philotheo
617 2435 675 2477 qui
711 2440 791 2477 post
826 2434 1007 2469 Callistum
1040 2445 1154 2478 nuper
1190 2435 1389 2479 patriarcha
1425 2435 1536 2468 factus
1566 2441 1641 2469 erat

183 2481 225 2514 ad
251 2482 431 2525 antiquum
460 2491 591 2514 morem
622 2482 773 2514 adiutus.
824 2481 892 2514 hoc
918 2491 1046 2515 novum
1079 2492 1225 2526 regnum
1265 2492 1307 2515 eo
1334 2483 1478 2515 nomine
1503 2483 1639 2516 consti..

182 2533 278 2561 tutus
306 2534 360 2562 est
385 2533 423 2561 ut
448 2527 541 2562 filius
566 2533 734 2573 regnaret
757 2539 826 2562 una
847 2539 923 2562 cum
948 2534 1046 2572 patre
1064 2539 1128 2572 per
1154 2530 1229 2562 eius
1254 2530 1381 2570 vitam3
1407 2534 1545 2563 mortuo
1571 2539 1638 2562 au-

182 2581 251 2608 tem
278 2585 320 2608 eo
349 2574 394 2607 ob
419 2581 639 2608 senectutem
666 2575 873 2609 hereditatis
907 2577 984 2609 iure
1010 2575 1124 2609 libere
1138 2577 1239 2620 regni
1265 2576 1507 2620 gubernacula
1531 2582 1637 2610 tene..

181 2628 247 2655 ret.
297 2632 376 2655 nam
412 2621 662 2666 Palaeologus
693 2632 804 2665 gener
838 2628 932 2656 totus
968 2623 1004 2656 in
1040 2622 1257 2657 oblivionem
1293 2622 1474 2668 relegatus
1501 2629 1576 2658 erat
1603 2628 1638 2657 et

184 2669 298 2703 aditus
323 2669 366 2703 ad
391 2670 580 2703 amicitiam
608 2674 642 2703 et
669 2670 891 2703 concordiam
918 2669 1023 2714 plane
1046 2670 1265 2714 praeclusus.

312 2732 398 2771 Dies
423 2733 560 2768 interea
586 2733 819 2780 praeterlapsi
846 2739 945 2768 erant
967 2744 1039 2770 non
1062 2732 1166 2768 valde
1190 2732 1291 2772 multi
1317 2744 1422 2780 quum
1440 2733 1636 2772 Matthaeus
