1852 3138
289 155 386 215 394
679 170 976 241 nicaenom
1018 167 1321 212 GREGORAE
1456 160 1459 161 ’

200 300 274 335 29
421 279 537 334 ΠεριΙ
562 281 640 332 μὲν
669 274 743 321 οὖν
774 278 857 320 τῶν
886 273 1024 319 ἄλλων
1053 273 1132 318 ὅσα
1156 292 1222 319 σοι
1254 279 1381 334 ἐχρῆν
1410 279 1607 330 duodoni,
1634 278 1746 329 διεξ-

286 342 536 400 εληλυθὸτος
566 347 670 399 ἐμοῦ
709 361 754 400 γε
794 345 975 399 ἀκήκοας
1015 339 1181 386 ἄνωθεν
1219 338 1321 398 ἄχρι
1358 344 1429 386 καί
1455 346 1498 393 ἐς
1526 345 1650 399 δεῦρο
1675 342 1746 387 τὸν

287 410 455 468 ἐφικτόν
485 427 529 466 γε
563 410 737 466 τρόπον·
811 413 912 464 περί
936 425 982 466 γε
1019 408 1105 465 μήν
1133 413 1216 453 τῶν
1243 413 1288 453 ἒν
1319 412 1531 469 Θαβωρίῳ
1569 412 1628 471 τῷ
1655 405 1743 466 ὄρει

287 478 414 520 πάλαι
456 480 926 532 θαυματουργηθέντων
967 479 1006 521 εἰ
1043 481 1175 533 λέγειν
1203 480 1483 534 ἐπιχειροίην,
1513 479 1644 532 πολλή
1673 481 1751 532 μοι’

286 560 348 593 τις
377 545 606 597 ξενοδοχεΐν
635 544 804 585 α’πειλεῖ
824 541 1070 599 δυσχέρεια,
1101 542 1235 593 εὐθυς
1264 544 1343 600 πρὸ
1375 546 1519 586 πυλῶν
1546 543 1619 595 τὰς
1646 540 1782 597 &av-5

288 612 360 664 τῆς
389 608 641 665 ἐφαπλοῦσα
671 610 852 664 παγίδας
877 610 950 651 καί
977 608 1056 652 ὅσα
1077 610 1212 665 δήπου
1235 608 1287 652 τά
1318 611 1392 664 τῆς
1412 613 1560 659 κακίας
1584 608 1748 668 ἕνεδρα.

294 677 375 729 οὐχ
408 672 469 717 ὅτι
501 673 604 719 κατὰ
633 676 730 726 τούς
781 676 939 731 ὀρθούς
977 679 1049 732 τῆς
1081 676 1249 732 φύσεως
1278 677 1426 731 λόγους
1453 667 1670 732 προσεῖναι
1698 679 1749 734 τῇ
1795 717 1800 725 ,

289 740 490 785 ὑποθέσει
520 746 751 796 συμπίπτει
782 746 1009 798 δυσχερές·
1076 746 1148 784 καί
1174 741 1283 801 πάνυ
1311 759 1351 786 τι
1377 743 1458 798 γάρ
1488 744 1575 801 ἐστι
1603 740 1748 802 ῥᾴδιον

289 809 366 858 τὰς
394 811 477 851 τῶν
505 809 634 863 ἇγίων
663 811 760 866 ἡμῖν
798 812 1078 866 προκομίσασι
1105 812 1364 865 μαρτυρίοις,
1396 811 1748 863 δυσαντίβλεπτον

291 873 474 930 ἔχουσας
501 876 697 933 τάληθές,
726 876 1003 932 ἀπηλλάχθαι
1034 874 1306 932 πραγμάτων.
1374 877 1466 919 ἀλλ’
1495 871 1625 919 οἱονεί
1641 891 1747 925 τινες
1762 883 1805 924 10

289 939 469 994 ἑαυτούς
502 948 829 999 προλοχίσαντες
857 944 957 1000 ἡμῖν
998 943 1132 993 εὐθύς
1169 941 1399 987 ὄδοστοῖται
1427 942 1505 985 δύο
1532 946 1639 992 τινὲς
1666 943 1748 1000 πρὸ

289 1011 428 1052 ποδῶν
455 1007 661 1066 ἓτέρωθέν
687 1015 828 1064 ποθεν,
860 1010 902 1062 ἐξ
930 1012 1247 1066 ἀπροσδοκήτου
1281 1010 1394 1060 τινὸς
1424 1013 1498 1052 καί
1526 1008 1746 1067 ζοφῶδους

283 1077 523 1133 χαράδρας,
544 1078 739 1135 ἐξαίφνης
758 1076 1059 1139 ἐπιδραμόντες
1079 1079 1181 1120 τότε
1208 1076 1412 1133 ἀνήνυτον
1426 1078 1659 1131 ἐπισείουσι
1676 1069 1747 1118 καὶ

197 1156 271 1189 8⁰
285 1143 330 1187 τὸ
358 1140 578 1200 ἄπραγμον
605 1147 791 1200 ἰσχυρῶς
818 1148 1015 1202 ἀφαιρεῖν
1044 1147 1376 1200 ἐπαγγέλλονται.
1407 1144 1454 1186 τό
1468 1159 1511 1187 τε
1538 1142 1617 1199 γὰρ
1648 1145 1747 1198 περὶ

284 1211 389 1251 θεοῦ
417 1212 550 1263 λέγειν
579 1210 728 1260 ου’σίας
768 1214 838 1253 καί
878 1214 1045 1267 φύσεως
1065 1243 1077 1261 ,
1120 1210 1193 1253 καί
1222 1208 1319 1266 ὅρια
1364 1215 1490 1252 κινεῖν
1519 1208 1587 1253 dui
1620 1212 1740 1252 τοῦτο
1759 1216 1801 1252 15

285 1279 479 1331 πατέρων
507 1281 627 1332 σιγῆς
654 1280 732 1338 μὲν
772 1277 948 1333 ἔχεσθαι
987 1280 1332 1334 προτρεπομένων
1375 1275 1560 1320 ἐνταῦθα
1595 1279 1744 1320 θεολο-

284 1348 377 1400 γίας
408 1347 448 1386 δ’
476 1346 729 1400 α’πέχεσθαι,
762 1349 834 1389 καί
862 1345 910 1388 τό
941 1361 987 1400 γε
1027 1346 1132 1400 πρὸς
1161 1343 1382 1394 ι’διώτιδας
1419 1346 1583 1399 ἐξάγειν
1613 1339 1743 1393 εἴκοὰς

287 1409 338 1453 va·
373 1410 532 1464 τοιάδε,
562 1414 724 1466 γέλωτα
755 1413 992 1467 ἡγουμένας
1020 1410 1073 1454 τά
1105 1415 1227 1465 τίμια
1255 1414 1327 1454 καί
1352 1413 1484 1468 μηδὲν
1507 1412 1591 1453 ,τοῦ
1621 1424 1743 1452 κενο-

286 1479 419 1528 δοξεῖν
449 1476 677 1533 ὑπέρτερον
706 1480 931 1531 τιθεμένας
974 1480 1082 1533 μηδὲ
1120 1480 1193 1521 τοῦ
1234 1475 1286 1520 τοὶ
1319 1481 1364 1521 ἐκ
1404 1477 1563 1527 κοιλίας
1591 1476 1742 1531 α’νέδην

285 1547 439 1597 λαλεῖν,
473 1545 546 1586 καί
571 1543 786 1599 κριτήριον
814 1539 1005 1594 αὔθαδες
1023 1548 1236 1588 ποιεῖσθαι
1261 1543 1307 1587 τό
1328 1546 1400 1599 τῆς
1421 1544 1617 1596 α’μαθοῦς
1643 1544 1741 1585 δια-
1753 1546 1799 1599 20'

286 1609 400 1658 νοίας
428 1612 501 1652 καί
529 1611 708 1665 γλώττης
737 1611 846 1653 πάνυ
878 1627 917 1652 τι
948 1612 1211 1665 ἀταμίευτον,
1241 1613 1376 1653 ταῦτα
1409 1611 1447 1652 δ’
1476 1607 1617 1664 ἔμοιγε
1662 1623 1740 1650 πο-

283 1674 360 1717 λὺν
390 1675 661 1730 ὑπισχνεῖται
681 1676 752 1719 τὸν
766 1677 972 1730 κίνδυνον,
999 1679 1059 1733 μή
1086 1674 1151 1719 ὅτι
1180 1693 1226 1732 γε
1252 1678 1326 1733 τῆς
1353 1677 1512 1733 ψυχῆς,
1541 1670 1589 1731 ἧς
1607 1677 1740 1730 μηδὲν

285 1741 354 1787 τὸν
383 1740 518 1786 πάντα
560 1742 713 1798 κόσμον
753 1743 946 1795 α’ντάξιον
985 1743 1093 1788 εἶναι
1129 1742 1179 1787 τὰ
1213 1743 1311 1786 θεῖά
1349 1759 1453 1801 φησι
1498 1746 1740 1799 παραγγέλ-

416 1950 469 1985 De
497 1949 577 1985 aliis
602 1951 711 1995 igitur
735 1950 841 1985 rebus
870 1961 955 1996 quas
980 1956 1016 1985 te
1040 1960 1128 1995 opus
1153 1955 1227 1985 erat
1251 1950 1373 1984 audire
1400 1950 1468 1983 iam
1491 1948 1659 1984 audivisti
1681 1958 1738 1982 me

283 2003 481 2031 narrantem
510 1997 552 2031 ab
578 1998 680 2031 initio
707 1998 890 2043 hucusque
926 2003 1091 2043 quantum
1122 1998 1199 2032 fieri
1223 1997 1349 2042 potuit.
1410 1997 1476 2029 iam
1503 1996 1533 2030 si
1561 1996 1605 2030 de
1629 1995 1736 2042 mira-

287 2045 377 2078 culis
403 2045 438 2078 in
467 2045 618 2078 Thabori
644 2051 762 2079 monte
788 2046 908 2079 dicere
935 2055 1054 2087 coner,
1082 2054 1212 2079 vereor
1235 2055 1281 2078 ne
1305 2045 1341 2077 in
1368 2043 1517 2077 aliorum
1543 2052 1736 2088 argumen-

285 2093 330 2125 tis
356 2092 580 2135 proferendis
618 2094 733 2127 statim
759 2098 840 2126 ante
879 2098 996 2136 portas
1032 2092 1150 2137 laquei
1179 2091 1266 2125 mihi
1297 2096 1470 2135 ponantur
1507 2095 1543 2124 et
1567 2094 1738 2134 quotquot

285 2144 366 2172 sunt
393 2139 583 2181 impietatis
608 2141 802 2184 nequitiae.
859 2141 934 2174 scio
973 2140 1113 2184 quidem
1151 2139 1340 2173 secundum
1373 2147 1478 2172 veras
1514 2137 1566 2170 rei
1591 2142 1737 2170 naturae

283 2186 440 2220 rationes
465 2186 599 2220 nullam
630 2188 665 2220 iu
698 2197 738 2220 re
765 2188 919 2221 existere
944 2186 1205 2220 difficultatem:
1233 2195 1312 2219 nam
1333 2185 1440 2219 facile
1462 2189 1516 2218 est
1539 2189 1738 2218 sanctorum

284 2232 496 2267 testimoniis
523 2244 613 2278 quae
639 2230 825 2268 veritatem
851 2234 1097 2268 invincibilem
1115 2234 1297 2267 continent
1313 2233 1378 2266 niti
1404 2237 1438 2265 et
1456 2232 1508 2272 sic
1536 2241 1555 2264 c
1580 2230 1741 2264 difficul:

283 2279 413 2313 tatibus
439 2290 504 2314 nos
537 2282 716 2324 expedire.
765 2282 827 2315 sed
852 2287 891 2315 ut
915 2282 1141 2315 insidiatores
1167 2281 1305 2325 quidam
1330 2280 1399 2313 duo
1427 2280 1464 2312 in
1480 2279 1539 2313 via
1564 2278 1738 2321 utrimque

284 2332 457 2370 proruunt
493 2333 641 2371 repente
675 2333 756 2362 ante
781 2329 890 2372 pedes
927 2334 1069 2362 nostros
1103 2333 1139 2361 et
1164 2338 1207 2361 ex
1231 2328 1424 2371 improviso
1464 2331 1499 2359 et
1524 2335 1568 2358 ex
1593 2324 1738 2358 latebris

284 2373 519 2408 tenebricosis
547 2380 582 2408 et
608 2377 776 2409 continuo
802 2381 933 2410 vexant
952 2386 1017 2409 nos
1044 2380 1080 2408 et
1107 2385 1151 2408 ex
1176 2375 1296 2419 quiete
1322 2373 1448 2407 volunt
1473 2373 1640 2406 excitare.
1669 2380 1738 2405 vo-

284 2420 362 2454 lunt
388 2422 479 2454 enim
506 2422 627 2455 dicere
663 2423 707 2456 de
739 2424 796 2457 dei
826 2424 980 2457 essentia
1005 2427 1042 2455 et
1066 2427 1189 2456 natura
1226 2426 1261 2454 et
1285 2421 1373 2455 fines
1407 2421 1519 2454 iustos
1544 2418 1737 2459 transilire,

285 2478 394 2511 quare
421 2477 488 2502 nos
512 2479 532 2501 a
559 2469 716 2512 patribus
745 2470 925 2524 silentium
952 2475 1075 2503 tenere
1102 2474 1136 2502 et
1159 2479 1179 2502 a
1204 2467 1418 2511 theologicis
1444 2465 1737 2511 disputationibus

284 2514 463 2548 abstinere
492 2515 672 2558 iubemur3
707 2522 743 2550 et
778 2527 868 2561 quae
894 2517 1045 2550 indoctis
1082 2515 1394 2549 auribusaudiunt
1417 2524 1502 2548 sana
1524 2519 1563 2548 ut
1585 2511 1737 2546 ridicula

283 2561 416 2594 habent
441 2572 557 2606 neque
587 2564 775 2608 quidquam
801 2560 956 2608 ipsorum
982 2563 1207 2607 opinionibus
1234 2561 1362 2595 melius
1387 2562 1519 2595 ducunt
1544 2565 1580 2594 et
1606 2569 1650 2592 ex
1675 2566 1736 2592 ar-

283 2608 390 2640 bitrio
407 2608 575 2642 iudicium
602 2610 736 2644 faciunt
753 2621 897 2654 prorsus
920 2612 1042 2644 insana
1059 2615 1175 2643 mente
1192 2614 1227 2642 et
1241 2608 1373 2653 lingua.
1401 2618 1492 2653 quae
1518 2606 1635 2640 omnia
1650 2605 1736 2638 mihi

282 2665 446 2698 magnum
484 2657 618 2690 faciunt
650 2658 871 2701 periculum,
908 2667 979 2691 non
1011 2657 1123 2691 solum
1161 2657 1296 2690 animae
1335 2666 1436 2689 meae
1460 2655 1559 2689 cuius
1586 2653 1737 2698 pretium

289 2701 379 2734 nihii
405 2706 481 2735 toto
508 2705 636 2737 mundo
666 2710 840 2749 exaequat
863 2711 902 2738 ut
927 2715 1026 2738 sacra
1051 2704 1224 2747 scriptura
1248 2703 1357 2744 dicit,
1385 2703 1447 2736 sed
1472 2702 1577 2736 etiam
1603 2699 1738 2734 doctri-

281 2757 351 2785 nue
379 2754 521 2788 nostrae
548 2755 583 2786 et
608 2752 764 2786 cautioni
792 2752 829 2786 in
847 2751 1052 2786 huiusmodi¹
1073 2751 1178 2786 rebus
1197 2750 1435 2785 necessariae.
1459 2753 1619 2783 neutrum
1645 2746 1737 2781 enim

1826 3039 1852 3138 &SR-:s
1836 2999 1852 3029 .-‘-·.
1839 2972 1852 2991 »ς
1850 2948 1852 2950 ,
