1852 3138
227 123 547 219 msromsssq
563 159 909 207 BYzANTlNAE
941 163 1106 205 xxxn.
1129 152 1342 207 8-11,
1434 156 1536 208 ,381

205 271 376 316 Τούτων
401 273 438 316 δ’
467 268 576 316 οὕτω
605 273 837 328 λεγομένων
867 263 1043 328 ἤρξαντό
1074 276 1190 321 τινες
1214 272 1286 326 τῆς
1316 270 1542 327 ἐφεδρείας
1556 287 1632 320 1⁰

0 342 14 379 ’ἶ
64 340 310 389 ἐπεισιέναι.
374 340 558 396 σύνηθες
600 339 680 396 γάρ
729 341 851 382 τουτί
891 339 1231 396 Καντακουζηνῷ
1273 339 1541 393 προλοχίζειν

62 409 293 464 ,ἐφεδρείας
327 409 373 450 ἐν
401 413 488 458 τοῖς
517 406 724 458 τοιούτοις
751 410 824 450 καί
857 408 1066 462 Τελχίνων
1091 405 1291 450 τοιούτων
1320 405 1540 460 ἐπιφέρειν

16 503 18 507 >
55 471 110 527 ,ἐξ
141 476 334 531 α’φανοῦς
355 472 641 530 στρατόπεδα,
675 474 792 533 αὐτῷ
824 476 903 528 μὲν
930 472 1199 528 συμμαχίαν,
1233 477 1319 521 τοῖς
1354 472 1390 514 δ’
1422 471 1542 514 α’ντι..

8 539 11 542 ⁴
39 535 209 597 {³510oe
236 541 460 598 ἔκπληξιν·
520 536 581 584 ὧν
609 541 630 582 ὅ
666 546 827 597 πρῶτος
854 544 928 584 καί
951 541 1137 596 μάλιστα
1167 541 1335 583 πάντων
1367 536 1543 593 ὅμόψυ-

9 615 12 618 “
62 607 142 665 χός
166 624 212 651 τε
241 611 315 651 καί
354 605 610 663 ὁμογνώμων
647 610 720 651 καί
743 608 889 652 ,πάντα
931 607 1208 663 στεργόμενος
1251 606 1542 662 ἀνελάμβανεν

47 671 202 726 -εὖθὸς
231 675 282 718 τά
310 677 388 719 τοῦ
419 674 464 718 ἐν
497 675 712 734 Θαβωρίῳ
745 678 801 735 τῷ
835 673 925 731 ὄρει
958 676 1100 733 φωτός
1128 677 1266 717 ἐκεῖνα
1285 710 1296 731 ,
1325 675 1399 716 καί
1430 675 1540 716 ἐλοι-

8 759 14 779 2
68 743 188 799 δόρει
226 742 298 786 τόν
338 743 444 799 ὑπὲρ
479 746 677 798 Χριστοῦ
714 746 787 786 καί
814 746 895 786 τῶν
925 743 1056 787 θείων
1097 743 1169 798 τῆς
1201 743 1420 798 ἐκκλησίας
1447 742 1542 795 δογ-

66 808 215 865 μάτων
239 813 378 867 μυρία
408 808 599 854 παθόντα
633 810 749 853 δεινοὶ
785 811 1022 866 Θεόδωρον,
1056 807 1101 860 ὃς
1132 808 1238 866 πρός
1269 811 1353 851 τῶν
1382 810 1544 852 εἰκονο-

32 875 218 934 ’ῠμάχων
245 876 351 933 μετὰ
396 878 596 927 πλείστας
625 877 824 934 πρότερον
859 878 940 921 ,καί
982 879 1215 935 διαφόρους
1245 876 1438 926 κολάσεις
1469 893 1543 919 κα-

4 964 6 970 ·
65 945 206 1000 θάπερ
258 944 392 999 α’μνὸς
440 944 546 987 κατὰ
591 948 666 1000 γῆς
712 945 896 994 ἐκτεθείς
934 945 1090 998 α’κμαῖς
1132 941 1318 1000 σιδὴρων
1358 944 1542 995 ἐστι’ζετο
1592 940 1597 946 ’

4 1047 5 1052 ,
53 1002 332 1070 ’γραφόμενος
362 1009 476 1054 ἅπαν
505 1011 550 1055 τὸ
578 1014 822 1068 πρόσωπον,
853 1010 977 1066 ἔμενε
1009 1014 1054 1055 δὲ
1083 1010 1159 1067 τήν
1181 1010 1330 1066 ψυχήν
1352 1009 1540 1065 ιῖκλινὴς,

66 1082 146 1130 ἕως
170 1078 430 1136 εἰςέξοριάν
461 1082 708 1135 α’πενεχθεὶς
737 1084 792 1137 τῷ
823 1078 1043 1139 α’δεκάστῳ
1079 1082 1261 1122 δέδωκεν
1294 1079 1428 1134 αὐτὴν
1455 1074 1542 1120 ἆθ-

65 1148 217 1204 λοθέτη
247 1149 346 1206 θεῷ.
405 1147 608 1202 ἐλοιδόρει
641 1149 680 1189 δ’
708 1146 862 1190 ἐκεῖνον
890 1144 949 1190 ὅτι
986 1150 1158 1202 βοηθῶν
1199 1144 1447 1204 ὄρθοδόξοις
1477 1150 1630 1201 βι-ιι

28 1215 166 1270 ὑβλία
194 1215 303 1257 κατὰ
334 1217 416 1258 τῶν
441 1213 732 1270 εἰκονομάχων
764 1216 901 1271 α’φῆκε
931 1216 988 1272 τῷ
1019 1214 1115 1272 βίῳ,
1146 1215 1224 1271 τὴν
1252 1213 1422 1257 ἐκείνων
1451 1214 1542 1256 τότε

24 1295 26 1319 i
68 1282 337 1337 ἐξελέγχονια
370 1284 637 1336 δυσσέβειαν,
669 1284 742 1325 νῦν
770 1285 820 1325 δὲ
848 1281 925 1338 τὴν
944 1281 1220 1338 Παλαμικὴν,
1251 1284 1296 1324 ἐκ
1327 1284 1430 1336 μιᾶς
1460 1282 1545 1339 α’ρ-

33 1373 35 1375 >
69 1350 259 1401 ξαμένων
288 1349 451 1406 α’μφοῖν
479 1350 734 1406 προφάσεως
758 1383 769 1404 ,
800 1353 877 1393 τοῦ
908 1349 950 1393 ἐν
986 1351 1199 1408 Θαβωρίῳ
1228 1353 1334 1405 λέγω
1362 1351 1422 1408 τῷ
1453 1346 1544 1405 ὄρει

69 1413 226 1472 φωτός,
253 1414 309 1468 ὥς
340 1417 615 1473 δειχθήσεται
646 1418 904 1473 πλατύτερον
939 1416 1157 1473 προϊόντος
1189 1419 1268 1459 τοῦ
1294 1417 1436 1471 λόγου.
1474 1420 1547 1459 καί

69 1486 168 1526 ποία
200 1487 378 1539 τοῦτον,
405 1482 616 1541 ἔφασκεν,
646 1481 759 1527 οἶδεν
802 1486 1027 1542 ἐκκλησίας
1071 1484 1145 1527 καί
1171 1489 1232 1535 τίς
1280 1484 1419 1526 αὐτοῦ
1443 1486 1543 1527 ποτὲ

66 1549 238 1607 μνήμην
269 1553 489 1608 πεποίηται
522 1555 604 1594 τῶν
632 1553 830 1607 ἦμερῶνς
860 1557 933 1594 καί
962 1551 1093 1594 πολλοὶ
1126 1554 1306 1595 τοιαῦτα
1335 1552 1544 1607 συνείρων

3 1646 6 1651 ‹
67 1617 142 1673 τήν
179 1620 264 1661 τῶν
308 1621 591 1675 βλασφημιῶν
622 1620 816 1675 ἐπήνεγκε
850 1620 1087 1674 κορωνίδα,
1116 1618 1176 1662 ὅτι
1207 1618 1332 1661 πάνθ’
1366 1615 1445 1661 ὅσα
1473 1621 1546 1672 βι-

65 1686 165 1740 βλία
195 1689 454 1742 πεποιῆσθαι
495 1689 657 1742 λέγεται
685 1687 792 1730 κατά
834 1690 916 1730 τῶν
953 1688 1241 1742 εἰκονομάχων
1269 1688 1388 1744 αὐτῷ
1421 1685 1545 1742 αἱρέ-

66 1769 176 1798 σεων
204 1755 325 1810 γέμει
351 1756 542 1812 μακρῶν.
571 1758 645 1798 καί
673 1756 714 1798 εἶ
742 1758 820 1810 μὲν
849 1748 988 1812 ἕτεροί
1014 1772 1118 1806 τινες
1144 1755 1431 1810 ὑποβολιμαῖα
1458 1772 1544 1798 πα-

204 1956 340 2002 Quibus
366 1959 470 1994 dictis
495 1959 707 2003 inceperunt
722 1960 860 2004 quidam
874 1969 1000 2004 parare
1019 1959 1179 1993 insidias.
1232 1963 1424 1993 consuerat
1450 1960 1545 1994 enirn

73 2007 344 2044 cunucuzenus
370 2008 406 2041 in
434 2007 634 2041 huiusmodi
659 2008 766 2041 rebus
793 2008 1019 2041 insidiatores
1046 2008 1225 2040 instruere
1261 2012 1296 2040 et
1327 2017 1371 2040 ex
1397 2007 1542 2042 occulto

72 2054 322 2090 Telchinorum
351 2056 473 2100 copias
500 2055 721 2099 protrahere,
748 2056 816 2098 ipsi
843 2056 983 2099 quidem
1010 2055 1143 2088 firmum
1172 2054 1380 2097 subsidium,
1409 2056 1542 2089 adver-

74 2103 178 2138 soriis
203 2113 291 2137 vero
319 2108 490 2137 terrorem
518 2113 695 2148 magnum.
748 2115 766 2135 e
805 2103 931 2147 quibus
970 2104 1030 2147 qui
1067 2103 1198 2146 primus
1234 2103 1390 2136 surrexit
1421 2108 1457 2136 et
1484 2103 1543 2136 hic

75 2150 216 2196 quidem
244 2161 322 2184 cum
349 2150 500 2195 reliquis
530 2151 692 2184 omnibus
721 2151 872 2184 maxime
911 2150 1131 2205 conspiravit
1158 2155 1192 2182 et
1219 2150 1365 2183 eandem
1390 2156 1544 2184 mentem

74 2197 200 2232 habuit
228 2203 264 2232 et
290 2198 394 2233 valde
420 2198 582 2232 omnibus
608 2198 761 2232 dilectus
789 2203 876 2239 erat,
903 2198 1052 2241 arripuit
1079 2207 1279 2231 sermonem
1305 2198 1348 2231 de
1374 2197 1455 2232 luce
1482 2198 1545 2232 ina

24 2243 40 2287 ,¹
75 2246 112 2280 in
139 2251 259 2279 monte
283 2246 465 2288 Thabor-e,
492 2251 527 2280 et.
563 2246 789 2281 contumeliis
817 2246 936 2278 obruit
961 2245 1181 2278 Theodorum
1217 2245 1277 2289 qui
1311 2255 1374 2289 pro
1403 2245 1544 2281 Christo

77 2298 112 2327 et
136 2294 268 2328 divinis
298 2293 478 2331 ecclesiae
505 2295 705 2338 praeceptis
733 2294 909 2327 cruciatus
938 2303 1090 2326 summos
1123 2302 1314 2336 perpessus
1351 2298 1448 2335 erat3
1485 2294 1546 2338 qui

76 2341 120 2375 ab
148 2340 394 2376 Iconornachis
419 2342 514 2375 inter
542 2341 693 2385 plurima
725 2347 758 2374 et
787 2342 885 2375 varia
912 2341 1062 2374 verbera
1090 2339 1191 2373 velut
1216 2350 1327 2384 agnus
1356 2340 1451 2374 humi
1480 2352 1546 2375 ex-

24 2416 27 2422 .
76 2394 198 2423 tensus
231 2390 364 2424 acubus
391 2389 517 2423 ferreis
546 2395 696 2433 punctus
737 2395 814 2422 crat
853 2394 887 2421 et
913 2388 1092 2422 laceratus
1117 2392 1225 2421 totam
1253 2388 1402 2430 facicm3
1428 2394 1545 2422 tamen

76 2436 225 2470 animam
249 2447 322 2471 non
348 2437 530 2471 abiecerat
556 2438 670 2470 donec
698 2437 780 2470 exul
807 2437 914 2470 iudici
943 2437 1150 2478 incorrupto
1177 2435 1244 2468 deo
1276 2445 1352 2468 eam
1377 2437 1546 2470 tradidis-

24 2519 26 2523 ,
76 2489 143 2519 set.
195 2484 421 2518 contumeliis
447 2490 563 2518 autem
592 2495 669 2518 cum
707 2485 826 2518 affecit
857 2484 950 2528 quod
978 2483 1133 2516 fidelium
1168 2483 1287 2516 socius
1312 2485 1444 2527 scripta
1468 2484 1547 2518 edi-

22 2564 26 2571 ,
76 2531 176 2566 derat
202 2533 329 2577 quibus
356 2532 669 2566 iconomachorum
696 2533 858 2575 impietas
873 2530 1206 2575 deprehendebatur
1221 2536 1304 2564 tunc
1331 2541 1418 2565 vero
1441 2533 1546 2565 etiam

79 2578 329 2615 Palamitarum
360 2581 420 2624 qui
448 2580 568 2613 eadem
604 2581 787 2623 impietate
813 2579 986 2613 submersi
1015 2583 1126 2612 erant.
1178 2579 1259 2612 dico
1288 2579 1380 2612 enim
1406 2589 1547 2613 sermo-

77 2637 158 2661 nem
183 2627 228 2662 de
255 2627 337 2662 luce
365 2629 402 2660 in
429 2633 548 2661 monto
575 2627 739 2669 Thabori,
766 2638 869 2672 quam
896 2627 988 2660 infra
1017 2636 1234 2670 exponemus
1251 2625 1404 2670 planius.
1455 2636 1547 2672 quae

78 2684 167 2709 vero
193 2675 309 2719 inquit
336 2674 401 2708 ille
427 2675 584 2708 ecclesia
610 2675 703 2708 hunc
731 2675 902 2717 agnovit3
927 2675 1005 2718 quis
1035 2674 1237 2707 memoriam
1265 2674 1340 2707 eius
1368 2675 1549 2708 observa-

78 2721 159 2756 vit?
208 2722 263 2757 his
289 2723 436 2766 insuper
461 2723 531 2756 alia
557 2723 666 2756 multa
693 2723 824 2756 addidit
863 2728 897 2755 et
932 2720 1225 2755 contumeliarum
1261 2722 1398 2756 turbam
1425 2722 1547 2756 effecit

79 2780 187 2818 quum
212 2769 322 2806 libros
350 2775 524 2818 quotquot
546 2772 688 2805 omnino
717 2770 909 2815 conscripti
932 2770 1109 2804 ferrentur
1136 2774 1260 2804 contra
1289 2770 1543 2805 iconomachos
