1826 3120
298 188 390 237 180
696 186 734 234 N
738 184 994 234 lCEPHORI
1037 188 1340 234 GREGORAE

296 296 523 355 φθάνοιτε”
551 295 658 354 φησί
676 295 789 346 “wi‘c
816 294 1048 351 βαρβάροις
1080 297 1377 350 προδεδομένοι
1411 294 1491 339 miv
1519 311 1561 339 τε
1589 294 1752 341 αὐτάν-

133 367 382 422 ε.105ι·.ὃρῳ
410 365 558 414 πάντες
585 365 727 422 ἁπάσῃ
758 365 808 421 τῇ
838 363 969 416 πόλει,
997 365 1167 416 μείζους
1194 363 1267 405 καί
1296 352 1455 417 ἥττους,
1483 362 1687 420 ἐπισημοί
1710 378 1752 405 τε

294 433 368 475 καί
396 427 568 486 ἄσημοι,
602 426 750 484 ἄνδρες
781 430 887 490 ὁμοῦ
909 429 981 471 καί
1003 435 1196 484 γυναῖκες
1224 432 1297 471 καί
1317 430 1454 485 ἡλικία
1477 432 1606 473 πᾶσα
1663 428 1754 473 ἴστε

294 497 375 553 γάρ
407 497 504 546 τούς
534 495 649 550 παρά
682 495 757 545 τάς
785 498 951 551 χρυσᾶς
981 499 1241 548 καλουμένας
1270 498 1340 552 τῆς
1369 496 1552 553 μεγάλης
1580 494 1756 551 ταυτησί

292 566 450 614 πόλεως
481 564 616 612 πύλας
647 565 820 611 διπλοῦς
854 565 926 605 καί
949 563 1174 618 μεγίστους
1207 565 1385 612 ἐκείνους
1419 562 1605 619 πιῖργους
1647 560 1786 617 έμῆνό

291 633 337 673 ἐκ
364 631 519 672 πολλοῦ
550 632 738 684 ’ξυμμιγῆ
778 633 1051 685 κεκτημένους
1082 632 1125 681 ἐξ
1162 629 1431 686 α’λλοφύλων·
1454 627 1651 686 φρουράν
1681 627 1755 671 καί

292 695 478 754 κεφαλὴν
519 698 578 746 εἰς
618 696 843 751 ἀκρόπολιν
886 694 1007 744 ὄντας
1047 698 1296 747 Βυζαντίων
1337 695 1647 752 καιριωτάτην,
1693 693 1751 745 ὥς

292 759 406 805 εἶναι’
428 779 501 816 μοι
535 760 647 804 πάνυ
679 778 718 805 τι
751 762 899 820 ῥᾴδιον
927 764 1081 805 θᾶττον
1112 759 1139 817 ἢ
1155 762 1272 817 λόγος
1301 763 1553 819 βουληθέντι
1581 764 1635 805 δι’
1669 762 1765 804 αὖ·

292 833 375 873 τῶν
405 829 618 884 ἐμπλῆσαι
649 831 883 885 δισμυρίων
921 825 1000 883 οὖχ
1041 826 1190 883 ἥττους
1218 828 1455 881 Βυζάντιον
1495 828 1749 884 ὁπλομάχων

291 894 523 952 βαρβάρων
552 895 624 938 καί
656 894 815 945 πάντας
858 891 993 951 ἄρδην
1033 896 1145 949 ὑμᾶς
1184 893 1338 951 ἡβηδόν
1364 897 1631 953 διαφθεῖραι,
1653 901 1750 950 χεῖ-
1766 901 1809 937 10

294 980 366 1018 ρον
394 958 418 1018 ἢ
450 961 556 1005 κατὰ
590 963 666 1018 τήν
690 961 939 1016 Ὀρεστιάδα
968 960 1247 1018 ταυτηνι’,’ἣν
1275 966 1423 1013 τελέως
1448 966 1527 1016 μὲν
1555 964 1635 1016 ουίι
1658 963 1753 1006 οἷνέ·

296 1041 449 1085 τρεψα,
475 1024 612 1085 μάτην
642 1031 679 1077 δ’
710 1025 785 1071 οὖν
813 1027 1039 1084 ἱσταμένην
1080 1030 1256 1085 α’φῆκα,
1285 1028 1688 1086 φιλανθρωπότερόν
1713 1033 1755 1073 τι

295 1100 427 1140 ποιῶν
444 1099 517 1139 καί
535 1096 811 1152 συνετώτερον
833 1095 861 1152 ἢ
890 1096 1287 1153 φιλανθρωπότερον
1318 1099 1447 1140 εἰπεῖν
1476 1092 1504 1152 ἢ
1532 1097 1619 1140 κατ’
1648 1098 1754 1140 ἐκεῖ·

245 1174 364 1211 θνον
392 1166 662 1219 Ἀλέξανδρον
696 1164 764 1207 τὸν
806 1158 1054 1206 Μακεδόνα.
1112 1166 1267 1213 ἐκεῖνος
1309 1167 1386 1218 μὲν
1426 1163 1506 1219 γάρ
1553 1165 1599 1206 ἐκ
1629 1167 1755 1217 θεμε-

295 1233 396 1273 λι’ων
432 1231 640 1286 α’νέτρεψε
691 1229 859 1285 Θήβας,
898 1229 1132 1286 μηλόβοτον
1167 1234 1240 1285 τῆς
1266 1229 1459 1280 Ἑλλάδος
1498 1230 1787 1285 καταστήσας-1

295 1296 364 1340 τόν
392 1296 642 1354 ὀφθαλμόν·
701 1297 782 1353 ἐγώ
816 1299 861 1340 δὲ
889 1303 1089 1352 μνημεῖον
1120 1300 1402 1341 καταλέλοιπα
1434 1299 1669 1355 συμφορῶν
1700 1295 1750 1353 τὰ

294 1368 369 1419 τῆς
397 1364 552 1414 πόλεως
581 1368 698 1420 τείχη
731 1366 982 1418 κενωθείσης
1024 1366 1078 1406 δι’
1113 1364 1316 1420 εὐήθειαν
1346 1364 1603 1421 οἰκητόρων,
1633 1363 1755 1406 πόλε-

294 1448 361 1473 σιν
393 1425 540 1482 ἄλλαις
569 1432 697 1484 μόνον
724 1432 826 1486 οὔχί
853 1433 909 1472 δι’
937 1429 1106 1486 ἐρήμων
1137 1434 1220 1473 τῶν
1247 1430 1473 1475 οἰκοπέδων
1501 1433 1664 1485 βοῶντα
1695 1428 1754 1485 μή

299 1501 405 1552 δρᾶν
431 1497 478 1540 τοὶ
513 1500 634 1550 αὕτά,
663 1500 731 1541 ἵνα
763 1498 820 1552 μή
854 1504 941 1547 τοῖς
970 1499 1115 1547 αὐτοῖς
1148 1502 1415 1554 περιπαροὸσι
1442 1503 1597 1548 κακοῖς.
1670 1501 1756 1540 θυ-

295 1565 371 1617 μὸς
399 1565 481 1619 γάρ
510 1568 716 1619 βασιλέως
750 1564 916 1620 ὀξύτητι
962 1568 1196 1620 φιλαρχίας
1225 1564 1519 1621 ἐρεθιζόμενος
1552 1566 1790 1621 πηδάλιον2

273 1631 410 1685 ’ἔχειν
440 1629 586 1686 ἥκιστα
623 1628 842 1675 triveam?
913 1634 1034 1674 ταῦτ’
1063 1630 1200 1687 ἔλεγε,
1236 1633 1309 1674 καί
1335 1638 1419 1681 τοῖς
1447 1631 1583 1687 λόγοις
1614 1632 1637 1686 ἦ
1667 1634 1751 1674 τῶν

299 1696 433 1753 ἔργων
458 1699 594 1741 εἵπετο
625 1699 884 1754 παρασκευή.
950 1701 1123 1752 πέμψας
1150 1697 1231 1753 γάρ
1260 1697 1467 1756 βαρβάρῳ
1499 1696 1644 1754 κρύφα
1673 1715 1758 1753 μη-

296 1763 386 1807 νύει
416 1767 474 1822 τῷ
498 1764 684 1824 εΥρκανῷ
700 1766 951 1822 δισμυρίους
973 1763 1047 1820 τὴν
1066 1768 1270 1821 ταχίστην
1294 1763 1466 1815 ὁπλίτας
1486 1763 1757 1820 παρασκευά-

300 2024 509 2070 laeologum
535 2024 700 2068 recipere
737 2023 888 2058 vellent.
939 2033 1062 2057 verum
1097 2022 1278 2057 enimvero
1310 2022 1479 2067 opinione
1511 2027 1628 2057 vestra
1657 2022 1759 2056 citius

299 2075 337 2106 in
365 2073 592 2106 barbarorum
619 2076 795 2115 potestate
819 2081 884 2105 vos
911 2070 1079 2104 videbitis
1106 2080 1226 2103 omnes
1253 2080 1330 2103 cum
1355 2070 1462 2103 totius
1488 2069 1584 2104 urbis
1611 2070 1760 2112 civibus,

300 2130 458 2154 summos
489 2124 525 2152 et
552 2120 703 2161 infimos,
731 2118 888 2152 illustres
924 2123 959 2151 et
986 2117 1154 2151 obscuros
1185 2116 1346 2150 homines
1380 2127 1456 2149 cum
1482 2116 1688 2151 mulieribus
1712 2116 1761 2150 li-

299 2167 468 2212 berisque
493 2166 666 2199 omnibus.
728 2166 827 2200 scitis
866 2166 957 2198 enim
995 2165 1038 2198 ad
1078 2174 1204 2198 aureas
1237 2165 1434 2197 nominatas
1467 2169 1587 2208 portas
1612 2174 1760 2208 magnae

302 2215 406 2248 huius
437 2213 534 2248 urbis
559 2214 594 2247 in
623 2214 773 2257 geminis
798 2212 871 2246 illis
892 2218 926 2246 et
950 2212 1108 2245 maximis
1137 2210 1294 2244 castellis
1311 2210 1522 2244 collocatum
1546 2211 1761 2255 praesidium

300 2272 416 2295 mcum
463 2261 659 2295 iamdudum
703 2271 747 2293 ex
792 2259 1005 2303 alienigenis
1048 2263 1283 2302 comparatum
1328 2258 1420 2300 quod
1456 2257 1666 2302 acropoleos
1706 2262 1760 2291 est

300 2309 553 2353 Byzantiorum
580 2308 792 2341 tutissimum
825 2305 1143 2351 propugnaculum.
1191 2306 1311 2349 itaque
1337 2304 1444 2338 facile
1470 2314 1610 2349 possum
1637 2306 1667 2339 si
1692 2315 1760 2338 ve-

300 2356 362 2390 lim
392 2356 504 2390 tribus
531 2365 652 2389 eorum
677 2354 834 2388 millibus
865 2354 956 2388 haud
992 2353 1196 2386 inferiorem
1225 2353 1261 2385 in
1286 2351 1494 2395 Byzantium
1536 2352 1761 2386 introducere

301 2404 529 2437 barbarorum
558 2403 777 2435 inventutem
805 2406 840 2434 et
865 2411 929 2434 vos
953 2410 1072 2433 omnes
1091 2399 1231 2432 omnino
1257 2399 1293 2431 in
1313 2400 1480 2432 maiorem
1505 2399 1647 2437 trahere
1675 2409 1760 2442 per..

300 2452 430 2485 niciem
458 2460 562 2495 quum
592 2459 683 2494 quae
708 2449 884 2483 Orestiadi
911 2448 1073 2492 contigit,
1101 2456 1201 2490 quam
1231 2445 1386 2479 funditus
1412 2455 1484 2479 non
1513 2447 1641 2480 everti.
1667 2451 1761 2480 stare

304 2509 379 2543 eam
403 2507 526 2541 passus
555 2507 652 2537 sum;
694 2496 787 2541 quod
826 2495 965 2540 quidem
999 2493 1187 2538 benignius
1222 2493 1291 2525 feci
1326 2503 1427 2537 quam
1462 2493 1664 2526 Alexander
1696 2492 1760 2525 ille

301 2546 460 2586 Macedo,
487 2544 545 2588 qui
571 2544 728 2577 'funditus
756 2543 886 2576 evertit
912 2541 1046 2575 'lhebas
1080 2545 1118 2573 ut
1145 2540 1314 2573 Graeciae
1345 2540 1521 2573 montibus
1546 2540 1665 2573 lumen
1691 2541 1761 2573 im-

301 2597 462 2636 poneret.
516 2591 677 2634 equidem
706 2591 741 2623 in
776 2589 978 2623 memoriam
1010 2588 1170 2621 fortunae
1195 2597 1312 2620 muros
1346 2587 1442 2620 urbis
1474 2586 1603 2632 reliqui
1633 2587 1677 2620 ob
1706 2587 1762 2619 ci-

299 2640 395 2673 vium
425 2639 526 2672 fidem
555 2637 727 2671 desertos.
777 2648 845 2670 nec
873 2635 1017 2668 multum
1039 2634 1151 2667 abfuit
1178 2635 1261 2678 quin
1287 2633 1367 2666 aliis
1393 2634 1537 2667 urbibus
1565 2645 1610 2667 ne
1640 2634 1761 2667 eadem

301 2687 461 2720 facerent
485 2685 706 2725 nuntiarem,
741 2694 788 2717 ne
822 2684 857 2716 in
885 2683 1024 2716 easdem
1064 2681 1261 2714 inciderent
1292 2680 1523 2714 calamitates.
1579 2692 1643 2715 rex
1669 2681 1761 2714 euim

298 2734 441 2777 imperii
471 2732 662 2775 cupiditate
687 2732 852 2764 incitatus
879 2728 1121 2774 gubernacula
1141 2727 1360 2771 reipublicae
1383 2734 1507 2762 tenere
1531 2727 1630 2762 nullo
1658 2728 1760 2761 modo

300 2785 431 2829 potest.
483 2779 532 2813 ita
561 2778 701 2813 loeutus
732 2783 786 2814 est
810 2783 845 2811 et
871 2776 965 2824 quod
989 2777 1140 2820 diverat,
1170 2775 1268 2810 fecit.
1291 2785 1356 2822 per
1384 2776 1523 2821 legatos
1549 2776 1642 2810 enim
1664 2775 1759 2821 Hyr.
