1826 3120
324 149 419 199 130
720 150 1016 199 NicEPnom
1058 148 1364 196 GREGORAE

268 267 310 301 9.
444 250 761 317 Ἀγαθαγγέλου
801 260 879 314 μὲν
923 256 973 315 δὴ
1020 257 1216 308 απιόντος
1254 259 1300 302 ἐν
1330 259 1524 314 τούτοις,
1560 258 1676 319 μόνῳ
1699 257 1774 315 τήν

306 325 482 386 ουνήθη
509 329 678 384 βόσκειν
709 324 836 378 αυθις
865 325 968 370 οἴκοι
995 327 1260 373 κατελείπετο
1299 328 1478 383 ἐρημίαν
1507 329 1614 383 ἐμοί,
1642 329 1776 384 μηδε-

317 395 397 450 νός,
424 394 558 443 ὁπόσα
589 397 911 450 παραμυθεῖται
942 392 1050 451 νόσω
1081 409 1150 436 και
1179 393 1344 452 α’θυμια
1374 393 1677 448 δαπανώμενον
1696 388 1775 436 ἇν-

315 468 504 520 θρωπον,
533 463 632 518 μήτ’
661 458 740 517 ἤδη
772 460 974 517 παρόντος
1002 461 1100 516 ἡμῖν
1131 459 1234 515 μήτε
1261 459 1348 516 μήν
1375 458 1488 511 ὅπως
1517 461 1615 504 ποτὲ
1640 477 1773 516 προσ-
1817 501 1819 504 .

312 534 553 586 ,δοκωμένου
594 527 697 583 μετὰ
744 528 821 611 τήν
851 527 1075 583 ὑστεραίαν
1107 522 1233 583 ἤγουν
1262 529 1336 583 τήν
1371 529 1462 583 μετ’
1502 529 1661 584 ἐκείνην
1705 527 1777 570 καί
1786 540 1808 574 5

315 596 411 654 ἑξῆς
437 599 509 641 καί
532 596 688 650 ὁμοίως
717 596 809 648 dei,
837 592 941 650 πλήν
967 611 1013 650 γε
1043 594 1093 650 δή
1128 596 1205 636 τοῦ
1248 598 1441 652 πανταχῇ
1471 593 1674 651 παρόντος
1707 593 1777 637 αἐι

316 665 391 711 καί
419 664 589 708 πάντων
619 664 852 720 κηδομένου
881 662 1013 716 μόνου
1035 663 1152 740 θεοῦ,
1181 659 1227 712 ός
1245 665 1475 718 τηνικαῦτα
1502 663 1675 718 μετρίαν
1701 677 1774 716 μοι

315 735 393 776 τοῦ
422 730 657 787 νοσήματος
686 724 831 772 ἄνεσιν
859 728 1087 784 πεπραχώς
1109 731 1186 770 τοῦ
1213 727 1439 784 συνήθους,
1468 729 1664 784 συνήθως
1695 728 1773 770 αιῖ-

317 800 552 853 τοσχεδίοις
582 794 856 852 υπομνήμασι
886 797 1036 838 δοῦναι
1053 795 1128 851 τήν
1148 798 1231 837 τῶν
1259 799 1483 850 γινομένων
1509 796 1775 851 παρεσκεύα-

313 881 386 915 ,κεν
414 863 620 919 ἱστορίαν,
650 862 757 913 κατὰ,
791 861 838 904 τό
869 865 968 917 πρίν
1000 859 1098 916 ἧμῖν
1132 862 1299 916 εἰωθός,
1331 859 1388 906 ὅτ’
1415 865 1662 918 ἐλευθερίαν
1688 873 1826 916 pta-10

316 930 423 986 κράν
462 936 550 980 τοῖς
589 930 806 984 ἡμετέροις
851 927 1207 981 ἐμπολιτεύεσθαι
1245 929 1509 984 βουλήμασιν
1537 925 1609 985 ἦν,
1639 931 1679 972 εἰ
1705 931 1777 971 καί

317 997 375 1053 μή
406 1001 555 1047 τελέως
582 993 662 1053 ἤδη
692 999 765 1039 καί
791 995 845 1046 ὥς
892 998 1049 1050 ἐχρῆν,
1093 996 1185 1038 ἀλλ’
1216 990 1291 1038 οὖν
1320 995 1476 1039 ὁπόσον
1503 997 1601 1051 ἧμῖν
1629 998 1673 1039 ἐν
1697 1012 1776 1050 με-

318 1065 463 1120 σότητι
491 1066 835 1120 συνειλημμένοις
865 1065 1069 1118 μεγίστων
1102 1065 1249 1105 δεινῶν
1293 1063 1366 1105 καί
1392 1063 1539 1120 φόβων
1567 1061 1777 1118 πολυτρό-

318 1148 408 1174 πων
435 1130 510 1186 τήν
529 1131 850 1183 παντοδιὲναμον
867 1145 910 1171 κε
915 1132 1186 1185 χορηγήκέναι
1208 1132 1349 1185 γέγονε
1371 1130 1526 1187 δεξιάν,
1541 1146 1776 1191 συνεφαπ-

317 1200 494 1253 τομένην
525 1193 637 1246 ὅπως
673 1198 771 1239 ποτὲ
809 1197 882 1239 καὶ
919 1197 1358 1253 συνεπικουφίζουσοίν
1394 1213 1470 1250 μοι
1503 1196 1602 1247 τούς
1641 1196 1826 1247 πόνος,15

312 1264 445 1308 εἴωθε
471 1262 552 1319 γάρ
583 1263 604 1305 ὅ
636 1264 836 1319 κραταιὸς
867 1263 963 1318 ε’μοί
990 1262 1146 1318 βοηθὸς
1185 1260 1327 1319 ὥσπερ
1358 1267 1514 1319 τέρατα
1544 1264 1775 1322 φαίνεσθαι

315 1338 406 1382 ,τοῖς
433 1335 600 1380 πολλοῖς
641 1328 691 1377 τα,
721 1331 903 1386 ἡμετέρα
933 1332 1063 1387 δρᾶν,
1100 1331 1179 1372 κοέκ
1220 1333 1304 1373 τῶν
1333 1331 1531 1374 ἐναντίων
1574 1327 1776 1374 τοῖναντία

319 1387 572 1454 παραδόξως
601 1399 814 1452 περαίνειν
861 1400 933 1440 ἐπὶ
960 1398 1003 1440 τὸ
1034 1399 1115 1440 τῶν
1146 1400 1371 1451 βελτίστων
1401 1398 1509 1440 πάνυ
1541 1414 1580 1441 τι
1611 1399 1777 1453 α’προσ-

137 1473 162 1510 l'.
186 1465 491 1522 1261).δόκητον
510 1497 523 1519 ,
568 1467 640 1507 καί
669 1463 769 1514 τούς
796 1466 828 1491 ¹‘
856 1465 926 1506 αἐἰ
953 1469 1036 1507 τῶν
1064 1466 1135 1518 τῆς
1164 1465 1365 1519 κοσμικῆς
1406 1462 1607 1518 περιόδου
1637 1482 1776 1520 πραγ-

314 1531 467 1586 μάτων
492 1527 628 1575 ἄλλοτ’
673 1527 826 1581 ἄλλους
859 1532 1069 1581 κυκεῶνας
1107 1534 1181 1573 καί
1209 1533 1424 1582 κλύδωνας
1454 1532 1515 1582 εἷς
1543 1533 1826 1582 α’λκυονίτι-Ω(

320 1602 398 1649 δας
428 1594 516 1642 οἷον
546 1600 678 1642 εἰπεῖν
706 1596 803 1653 ἐμοὶ
828 1599 1025 1655 νηνεμίας
1060 1604 1316 1651 μεταποιεῖν.
1374 1597 1463 1642 ἔστι
1496 1598 1575 1654 γάρ
1604 1615 1644 1642 τι
1674 1602 1778 1652 ζῶον

319 1667 416 1721 α’έρι
446 1668 521 1709 καί
563 1665 752 1724 θαλάττῃ
793 1668 965 1720 μερίζον
1011 1663 1078 1708 τὸν
1115 1667 1207 1719 βίον
1254 1659 1387 1719 ὄνομα
1429 1665 1608 1710 α’λκυοόν.
1667 1661 1778 1722 αὕτη

317 1732 425 1790 πρὸς
469 1734 633 1776 παίδων
664 1735 914 1788 ’ἐπειγομένη
954 1734 1103 1787 γονάς,
1145 1731 1209 1775 ἐπ’
1252 1733 1382 1783 αὗτὰς
1421 1732 1498 1788 τήν
1525 1732 1676 1777 καλιάν
1704 1731 1779 1784 τὰς

454 1939 506 1975 Ita
533 1950 578 1974 ue
596 1949 702 1985 quum
725 1938 995 1985 Agathangelus
1018 1950 1107 1974 ame
1124 1939 1360 1983 discessisset,
1388 1939 1549 1985 equidem
1574 1940 1611 1975 in
1628 1940 1778 1985 pristina

322 1998 443 2023 rursus
477 1951 671 2022 solitudine
710 1988 801 2022 domi
828 1993 989 2022 versatus
1015 1998 1102 2022 sum.
1164 1998 1243 2021 nam
1267 1998 1383 2032 neque
1409 1988 1468 2032 qui
1485 1988 1716 2034 ‘aegritudine
1742 1994 1777 2023 et

322 2035 489 2070 tristitiae
523 2034 693 2069 afflictum
734 2046 790 2069 me
817 2035 1063 2069 consolaretur
1088 2035 1231 2077 aderat,
1255 2045 1373 2079 neque
1398 2040 1437 2068 ut
1473 2040 1576 2070 antea
1603 2047 1681 2069 eum
1709 2047 1776 2070 ex-

323 2087 487 2127 spectare
523 2082 608 2116 mihi
634 2081 736 2116 licuit
771 2083 807 2116 in
831 2083 922 2116 diem
948 2088 1128 2126 posterum
1153 2088 1213 2116 aut
1238 2083 1273 2115 in
1298 2083 1440 2116 tertium
1465 2087 1526 2116 aut
1552 2083 1588 2117 in
1613 2083 1689 2118 dies
1716 2084 1775 2128 qui

323 2134 530 2174 sequuntur.
582 2135 617 2163 et
642 2130 809 2164 continuo
835 2129 900 2163 hac
926 2130 961 2163 in
988 2130 1191 2163 conditione
1227 2134 1387 2163 versatus
1422 2140 1499 2164 sum
1530 2135 1775 2175 praeterquam
1818 2158 1820 2161 ,

324 2177 417 2222 quod
450 2176 537 2210 mihi
565 2177 686 2211 aderat
723 2177 782 2221 qui
809 2176 970 2210 omnibus
996 2177 1086 2210 locis
1111 2182 1253 2221 praeest
1285 2176 1459 2221 nobisque
1495 2176 1655 2211 omnibus
1688 2188 1776 2221 pro-

323 2224 429 2268 spicit
456 2224 536 2257 dico
561 2224 676 2258 deum.
712 2224 771 2257 hic
799 2225 890 2258 enim
916 2225 1053 2258 interea
1077 2225 1332 2268 aegritudinem
1357 2234 1469 2257 meam
1495 2223 1625 2259 lenivit
1650 2235 1776 2270 meque

321 2272 358 2304 in
386 2272 630 2306 continuandis
646 2271 869 2306 historiarum
896 2272 1153 2305 commentariis
1171 2271 1318 2305 adiuvit.
1345 2281 1433 2315 quos
1460 2271 1685 2306 conscribere
1710 2283 1777 2306 an..

321 2324 381 2352 tea
407 2328 661 2353 consueveram
679 2344 689 2361 ,
717 2329 821 2363 quum
846 2319 948 2353 nobis
978 2319 1088 2353 multa
1112 2319 1247 2353 versari
1273 2319 1309 2351 in
1335 2318 1500 2352 libertate
1525 2318 1660 2353 licitum
1688 2326 1774 2355 erat.

322 2370 407 2399 tunc
434 2376 520 2400 vero
551 2367 617 2400 etsi
642 2377 715 2401 non
746 2365 892 2400 multum
919 2377 1036 2412 neque
1064 2371 1102 2400 ut
1127 2376 1215 2411 opus
1241 2371 1317 2400 erat
1334 2390 1344 2408 ,
1383 2371 1499 2399 tamen
1524 2371 1656 2405 tantum
1685 2368 1776 2402 scri-

320 2412 439 2449 bendo
474 2413 609 2457 perfeci
651 2419 815 2459 quantum
839 2414 964 2447 mediis
998 2413 1084 2447 mihi
1109 2415 1146 2447 in
1171 2414 1312 2448 summis
1337 2414 1509 2458 angustiis
1534 2414 1715 2469 variisque
1739 2416 1776 2449 in

325 2459 623 2495 sollicitudinibus
661 2462 730 2495 frui
756 2460 857 2494 licuit
899 2462 1151 2505 omnipotentis
1186 2461 1243 2494 dei
1277 2471 1380 2494 manu
1413 2461 1608 2503 adiutrice;
1634 2462 1694 2506 qui
1721 2472 1799 2503 me⁴

325 2507 495 2541 adiuvare
521 2507 679 2553 mihique
705 2507 846 2543 labores
874 2509 998 2542 levare
1023 2518 1093 2541 non
1118 2508 1283 2542 cessavit.
1335 2508 1464 2541 etenim
1488 2509 1690 2552 praesentia
1714 2519 1776 2542 sua

327 2554 448 2587 effecit
476 2559 514 2588 ut
540 2565 683 2599 operam
708 2566 821 2589 meam
845 2561 1016 2601 tanquam.
1032 2555 1238 2589 miraculum
1265 2555 1435 2600 quoddam
1465 2555 1625 2590 homines
1651 2556 1775 2590 obstu-

322 2602 479 2644 puerint.
528 2612 656 2647 nempe
670 2609 813 2647 praeter
837 2613 973 2637 omnem
999 2603 1202 2647 opinionem
1229 2602 1358 2636 factum
1385 2607 1439 2636 est
1462 2608 1502 2636 ut
1523 2613 1566 2636 ex
1591 2604 1776 2637 contrariis

326 2650 504 2682 contraria
529 2651 661 2693 optime
688 2651 876 2685 evenerint
899 2650 1160 2695 et·sempiterni
1196 2660 1312 2683 rerum
1335 2649 1431 2684 orbis
1451 2649 1634 2694 procellae
1661 2650 1776 2684 turbi-

318 2695 430 2740 ‘dique
457 2701 571 2730 motus
595 2698 631 2731 in
656 2697 920 2742 Alcyonitidam
945 2708 1047 2742 quam
1072 2698 1194 2733 dicunt
1216 2696 1401 2731 malaciam
1426 2703 1461 2732 et
1487 2696 1777 2742 tranquillitatem

321 2743 445 2780 mutati
473 2744 554 2781 siut·
611 2750 665 2783 est
689 2746 782 2783 enim
806 2746 883 2782 avis
909 2756 1000 2794 quae
1029 2750 1065 2783 et
1087 2746 1123 2782 iu
1150 2754 1245 2781 aere·
1263 2749 1299 2781 et
1333 2745 1369 2781 in
1394 2755 1485 2796 aqua
1507 2745 1599 2783 vivit
1634 2745 1778 2783 nomine
