1826 3120
41 0 126 61 y--2g
141 0 163 18 ¹<-
182 0 250 19 =“¹-.³<1',*'
273 0 306 6 ην

42 21 43 29 η
71 27 75 30 ,
151 26 154 27 ⁷
187 19 206 25 V·
271 30 274 31 ι

171 130 499 210 ,ωετοιιιλκ
533 154 880 200 BYzANTmAE
902 155 1030 198 xxii.
1066 142 1397 221 113ῂ-116.
1481 146 1578 199 345

105 269 181 311 καί
212 263 415 323 αἰὶορραίξ
456 265 636 321 ε’ρινύων
682 264 816 322 φάναι
853 262 929 319 τὴν
974 263 1143 319 γνώμην
1187 267 1435 307 καθίστατο.
1509 260 1575 306 διὸ
1594 267 1705 304 115

53 360 55 362 -
106 331 203 379 οὔτε
232 333 418 384 ἐκείνους
452 333 627 384 ἀθρόους
671 332 858 389 ἔφασκον
897 327 1014 385 ἄξιον
1053 333 1195 384 μένειν
1235 333 1307 387 τῆς
1339 332 1579 387 καταδίκης,

105 403 269 450 αἰτίους
295 402 374 455 μὲν
404 401 520 458 αὐτῷ
545 402 620 456 τῆς
653 402 695 451 ἐς
725 397 797 442 τόν
826 402 922 454 βιον
945 400 1196 454 γενομένους
1224 401 1478 454 παραγωγῆς
1501 401 1581 451 ,αι’-

105 471 220 518 τίους
249 470 296 512 δὲ
323 469 399 511 τοῦ
431 469 505 524 τῆς
534 468 753 523 ἐκκλησίας
795 470 848 510 δι’
878 464 1006 510 αὐτόν
1047 470 1283 522 χειμῶνος,
1331 463 1416 510 οὔτ’
1447 465 1602 512 αὐτόν.

69 536 234 580 sudden
282 537 551 590 ἐξαιρεῖσθαι
606 537 681 591 τῆς
716 534 974 591 καταδίκης,
1021 530 1315 588 μεσιτεύοντος
1355 534 1457 586 ἴσως
1504 535 1582 578 τοῦ

107 602 348 659 α’βουλήτου
377 600 448 652 (hd
479 602 556 654 τὰς
576 600 862 658 σπερματικὰς
892 605 938 645 ἐκ
959 605 1159 657 γενέσεως
1179 602 1320 658 α’ρχὰς
1338 603 1410 645 καί
1434 602 1582 657 βιαίας

107 668 311 723 δυνάμεις
340 671 414 726 τῆς
442 671 649 725 πατρικῆς
679 672 903 726 πονηρίας,
946 671 1142 722 ζιζανίων
1185 671 1304 725 δίκην
1361 670 1582 724 ἑρανιθεί-

105 751 184 784 σας
213 737 376 780 ἐκεῖθεν
405 737 479 778 καί
513 739 936 791 προκαταβληθείσας
981 736 1116 786 εὐθὺς
1161 737 1239 793 ἀφ’
1280 732 1422 786 ἑστίας
1456 738 1501 779 ἐν
1529 737 1582 794 τῇ

106 800 322 849 συστάσει.
393 803 487 846 ἀλλ’
514 799 730 858 ἑκατέροις
773 799 968 857 ἑκάτεροι
997 806 1079 845 τῶν
1110 804 1228 858 α’ρῶν
1258 803 1331 845 καὶ
1358 803 1583 857 λοιδοριῶν

50 877 95 915 10
109 868 417 925 κοινωνήσουσί
437 887 509 925 τε,
553 870 626 912 καί
658 866 847 928 ὄστράκῳ
889 870 1137 913 δουλεύσειν
1175 871 1444 927 α’μφοτέρους
1474 867 1585 923 ὁμοῦ
1599 876 1624 911 f.
1649 874 1714 912 155
1728 885 1760 910 r.

106 940 166 995 τῷ
197 937 315 997 αὐτῷ
345 944 624 991 συμπεσεῖται
643 969 656 991 ,
684 943 769 988 τοῖς
800 940 879 991 μὲν
912 938 969 986 ὥς
1009 936 1189 992 πονηρὸν
1224 940 1486 997 ἐξενεγκοῧσι
1516 940 1588 979 καί

104 1005 296 1059 θρέψασι
331 1003 450 1048 τόκον
477 1007 533 1062 τῷ
561 1006 641 1064 βίῳ
660 1041 671 1060 ‚
700 1006 771 1047 καί
800 1006 876 1046 ου’κ
927 1007 987 1056 εἰς
1022 1007 1281 1060 Κιθαιραῖια
1324 1004 1400 1047 καί
1427 1005 1588 1059 Χάρυ-

104 1072 217 1126 βδιν,
245 1070 319 1114 καί
332 1067 470 1115 εἴποό
489 1089 554 1123 τις
581 1071 625 1116 ἐκ
646 1075 839 1130 μηχανῆς
871 1071 1111 1127 καινότερος
1134 1070 1374 1126 ἑταμιειῖετο
1406 1071 1588 1122 θάνατος

107 1138 153 1181 ἓν
176 1139 425 1196 χαράδραις
464 1142 537 1184 καί
568 1141 727 1195 κύμασι
771 1141 847 1196 γῆς
883 1140 956 1183 καί
984 1141 1214 1197 θαλάττης,
1245 1140 1430 1194 ῥίψασιν
1460 1139 1586 1183 ἔκθε-

50 1215 190 1262 15τον,
221 1205 361 1257 ειίθὺς
386 1205 561 1264 ἐκραγὲν
580 1210 654 1264 τῆς
675 1203 840 1250 α’τόπού
860 1206 1062 1263 γαστρός,
1086 1210 1144 1267 τῷ
1176 1210 1222 1250 δὲ
1244 1206 1300 1258 ὥς
1321 1205 1420 1263 μήτ’
1450 1209 1587 1262 α’βοιῖ-

109 1278 231 1329 λητον
262 1273 540 1330 τηνγὲκείνων
569 1279 839 1335 ποιησαμένῳ
870 1279 1033 1330 κακίαν,
1066 1272 1140 1319 ἅτε
1171 1274 1298 1331 λόγου
1325 1276 1585 1331 μετασχόντι

103 1343 178 1384 καί
202 1343 400 1394 παιδείας
433 1343 660 1397 ὁπωσοῦν,
702 1338 750 1400 ἧς
776 1350 970 1398 μετεῖναι
999 1350 1084 1395 τοῖς
1115 1345 1312 1399 γονεῦσιν
1343 1345 1396 1384 ου’
1415 1346 1585 1398 συμπέ-

105 1426 259 1464 πτωκε,
284 1406 542 1469 μήτεῖἶηδὲν
565 1414 871 1475 ἐπιεικέστερον
890 1411 1062 1464 ου’δενὸς
1081 1414 1333 1465 διατεθέντι,
1366 1410 1484 1463 εἴτις
1500 1431 1587 1455 πα-

103 1478 350 1534 ραπλησίως
383 1477 559 1530 ἐκείνοις
590 1478 741 1533 ἐνόσει,
764 1483 875 1536 μηδὲ
905 1482 1027 1538 κωφῇ
1067 1483 1168 1535 γοῦν
1202 1481 1345 1538 σιωπῇ
1371 1479 1415 1522 τό
1450 1479 1580 1523 κακόν
1623 1504 1625 1507 ·

44 1547 95 1596 320
106 1543 388 1598 περιθάλπειν
417 1549 732 1605 βεβουλημένῳ,
766 1546 875 1590 ἀλλὰ
901 1551 1038 1605 πολλῷ
1062 1550 1119 1606 τῷ
1143 1548 1286 1605 μέτρῳ
1316 1550 1585 1603 μοχθηροτέ-

109 1628 199 1668 ροις
229 1611 282 1669 dij
330 1629 417 1656 τισι
462 1613 537 1657 καί
576 1613 746 1671 σφόδρα
778 1614 973 1658 α’ναιδέσι
1016 1619 1231 1670 λογισμοῖς
1260 1613 1583 1670 παραδεδωκότι

105 1677 184 1735 τήν
210 1682 282 1735 τῆς
323 1678 493 1738 γνώμης
535 1681 776 1738 ἡγεμονίαν.
849 1685 921 1725 καί
957 1688 1101 1731 κακοῖς
1147 1680 1253 1724 κακά
1297 1683 1582 1738 παραμίξαντι
1597 1693 1711 1727 110

106 1741 194 1804 ἤθη
221 1748 296 1791 καί
335 1747 527 1804 δόγματα
570 1755 750 1806 μακροῖς
797 1753 883 1793 τισί
911 1748 1168 1807 διαστήμασι
1202 1748 1276 1806 τήν
1306 1765 1351 1792 τε
1382 1749 1584 1808 πατρῴαν

109 1969 344 2004 constitueret
392 1975 568 2014 mentem,
615 1976 654 2004 ut
693 1971 872 2005 diceretur
906 1971 1077 2005 furiarum
1121 1980 1295 2015 propago.
1354 1969 1583 2015 quamobrem

109 2017 383 2060 contendebant,
410 2028 529 2063 neque
554 2018 638 2053 illos
664 2019 798 2053 liberos
827 2029 906 2053 esse
931 2019 1062 2053 debere
1089 2019 1398 2060 condemnatione,
1428 2019 1487 2063 qui
1514 2029 1581 2053 au-

110 2069 228 2099 oteres
255 2064 408 2099 fuissent
434 2067 511 2100 eius
537 2067 634 2101 vitae
659 2067 837 2111 simulque
863 2068 1084 2110 tempestatis
1110 2077 1174 2110 per
1201 2077 1278 2100 eum
1305 2071 1430 2100 eontra
1457 2066 1581 2100 eccle..

109 2113 196 2147 siam
222 2118 389 2156 exortae,
416 2123 535 2158 neque
561 2115 751 2159 quidquam
788 2114 890 2148 illum
926 2115 1222 2148 condemnatione
1258 2115 1438 2155 eximere,
1479 2115 1579 2158 quasi

108 2160 244 2194 invitus
270 2165 416 2195 coactus
443 2168 538 2196 esset
563 2167 710 2207 propter
735 2163 880 2196 seminis
912 2163 985 2196 nati
1013 2163 1195 2207 origines,
1223 2167 1258 2195 et
1283 2166 1456 2207 cogentes
1482 2162 1580 2196 vires

108 2208 296 2252 pravitatis
334 2213 505 2254 paternae
533 2209 612 2243 lolii
639 2211 750 2244 instar
776 2215 997 2254 comparatas
1023 2211 1106 2244 inde
1133 2215 1168 2243 et
1192 2210 1309 2244 statim
1335 2211 1372 2243 in
1399 2209 1476 2253 ipsa
1503 2210 1580 2243 ori..

108 2255 194 2301 gine
219 2256 390 2290 deiectas.
430 2257 492 2291 sed
519 2263 669 2302 uterque
698 2268 774 2291 cum
800 2263 952 2302 utroque
968 2258 1224 2292 detestationes
1252 2263 1286 2291 et
1300 2257 1464 2291 convicia
1479 2266 1579 2290 com..

107 2302 303 2338 manicabit
334 2309 369 2338 et
396 2305 536 2339 accidet
570 2311 609 2339 ut
646 2311 796 2350 uterque
823 2305 927 2339 simul
966 2306 1079 2339 eidem
1105 2305 1237 2338 iudicio
1265 2305 1496 2339 subiiciatur:
1526 2304 1579 2338 illi

109 2351 204 2396 quod
229 2353 462 2397 propaginem
490 2363 633 2397 pravam
662 2355 698 2387 in
724 2354 832 2387 vitam
859 2352 1093 2396 protulissent
1121 2358 1155 2386 et
1181 2353 1437 2386 enutrivissent
1461 2363 1580 2397 neque

109 2398 146 2432 in
173 2398 389 2434 Cithaerona
415 2405 451 2434 et
475 2401 677 2445 Charybdin
704 2412 744 2435 ac
770 2401 800 2434 si
827 2411 895 2446 qua
920 2402 1033 2446 magis
1058 2410 1154 2434 nova
1179 2401 1324 2434 inventa
1351 2405 1447 2433 esset
1484 2410 1580 2434 mors

37 2448 45 2451 “
108 2446 146 2480 in
171 2447 406 2492 voraginibus
449 2453 486 2482 et
510 2448 677 2483 fluctibus
703 2454 820 2483 terrae
858 2453 892 2482 et
917 2450 1021 2482 maris
1048 2449 1164 2482 statim
1201 2448 1417 2482 deiecissent
1442 2447 1531 2481 illud
1560 2459 1579 2481 e

108 2498 238 2528 ventre
266 2495 390 2539 inepto
416 2502 644 2541 proruptum:
673 2496 731 2530 hie
756 2501 873 2530 autem
901 2497 995 2541 quod
1019 2507 1138 2540 neque
1163 2496 1297 2529 invitus
1325 2495 1468 2529 illorum
1494 2506 1580 2539 pra-

108 2541 255 2576 vitatem
284 2549 459 2587 sequutus
487 2550 603 2587 esset,
640 2555 717 2578 cum
744 2545 894 2578 rationis
930 2549 1026 2577 esset
1061 2544 1239 2587 particeps
1277 2548 1312 2576 et
1345 2543 1578 2585 educationis,

110 2598 202 2634 qnae
238 2591 446 2634 parentibus
480 2602 552 2625 non
599 2593 835 2637 contigisset,
869 2602 988 2636 neque
1021 2591 1137 2624 nihilo
1175 2590 1303 2624 melius
1346 2590 1582 2634 disposuisset

108 2646 213 2682 quam
239 2637 269 2671 si
310 2639 389 2683 quis
440 2637 526 2683 illis·
547 2639 713 2673 similiter
744 2644 968 2684 aegrotaret,
1002 2649 1120 2684 neque
1158 2637 1304 2673 silentio
1330 2643 1426 2671 muto
1451 2637 1580 2671 malum

109 2683 238 2718 rovere
262 2684 442 2720 voluisset
470 2687 532 2721 sed
558 2687 670 2721 multo
700 2687 944 2721 miserioribus
980 2692 1016 2720 et
1041 2686 1146 2720 valde
1171 2685 1432 2730 impudentibus
1458 2686 1581 2719 censi-

109 2731 170 2765 liin
204 2731 404 2766 voluntatis
444 2735 680 2778 principatum
717 2734 945 2779 prodidisset.
997 2739 1032 2767 et
1081 2734 1210 2768 accidit
1244 2733 1323 2775 illi,
1367 2743 1444 2767 cum
1479 2732 1580 2767 malis
1662 2744 1677 2760 t

111 2777 226 2814 malas
251 2780 468 2816 admisceret
504 2782 643 2817 indoles
680 2788 714 2817 et
738 2783 931 2818 sententias
966 2786 1005 2815 ut
1029 2781 1146 2827 longis
1171 2780 1374 2816 intervallis
1400 2786 1579 2826 paternam
