1826 3120
33 0 311 94 FWYUV'?

59 74 62 78 ’
112 60 117 63 —
159 87 166 105 ι

39 97 54 209 Ξ
254 109 552 181 memmius
575 133 922 178 BYzAN'riNAE
946 133 1092 175 xxix,
1121 117 1373 176 42—44.
1480 126 1577 173 253
1623 158 1631 173 x

52 239 53 242 Ἴ
100 241 351 302 α’ναθήματι
393 244 764 299 καταστῆναί-πως
794 241 1024 298 αὐτήκοος,
1064 237 1172 295 μήτε
1199 236 1286 293 μὴν
1315 234 1389 288 τοὶς
1416 235 1579 281 ἐκείνου

101 318 204 368 παρ’
249 310 386 368 αὐτὴν
426 314 648 366 γινομένας
691 310 905 364 λαθραίας
941 305 1145 364 μηνύσεις
1184 307 1259 348 καί
1297 300 1580 359 παρακλήσεις

51 437 54 440 ¹
104 382 265 431 α’τελεῖς
294 378 650 435 παρακρούεσθαι
694 379 923 432 δυναμένη.
996 373 1069 417 καί
1108 374 1220 417 τοῦτ’
1266 368 1319 428 ἦν
1347 368 1371 413 ὃ
1400 371 1478 426 τὴν
1507 371 1581 424 τῆς

105 448 326 503 ἐκκλησίας
357 446 429 489 καί
454 447 538 488 τῶν
566 445 695 487 θείων
723 446 827 493 τέως
857 438 1080 498 δογμάτων
1119 440 1292 496 ἔσβεσεν
1320 437 1596 493 ἐπανόρθω-·

67 520 172 560 5012·
202 513 308 568 μετὰ
340 515 413 570 τῆς
445 515 549 568 ἐμῆς
579 511 621 562 ἐς
649 513 778 554 τοῦτο
800 512 1003 565 σπουδῆς,
1037 505 1158 562 οἶμαι
1187 510 1263 551 τοῦ
1293 509 1398 550 θεοῦ
1427 510 1581 548 τελεω-
1641 517 1645 520 ⁴

44 590 53 632 ῗ
103 585 232 638 τὲραν
263 581 323 625 ἔτι
349 583 545 637 γενέσθαι
575 577 651 634 τὴν
678 579 763 621 τῶν
793 578 900 633 ὑπὲρ
931 577 1157 631 εὐσεβείας
1187 573 1434 618 ἀθλούντων
1465 575 1581 616 δοκι-

101 651 266 704 μασίαν
294 648 680 705 ἐπιψηφιζομένου.
752 644 805 686 ου’
842 643 924 699 γὰρ
962 646 1046 686 τῶν
1075 645 1323 700 α’ρξαμένων
1363 642 1513 702 ἀθλεῖν
1543 639 1581 683 οἶ

105 719 308 774 στέφανοι
338 716 414 758 καί
443 713 496 757 τοὶ
525 711 708 766 ἔπαθλα,
740 710 846 755 α’λλοὶ
875 714 959 754 τῶν
992 707 1096 766 ἄχρι
1127 713 1272 760 τέλους
1302 709 1448 752 α’νύειν
1477 725 1583 763 προ-

105 783 391 836 θυμουμένων
431 778 596 824 ἅπαντα
630 778 701 822 τὸν
740 781 816 822 τοῦ
857 777 1021 834 δρόμου
1051 780 1238 823 δίαυλον.
1279 775 1344 818 διὸ
1377 776 1450 819 καί
1479 781 1584 818 πολ-

51 868 96 905 10
109 848 228 901 λάκις
257 844 398 897 ἄλλων
427 848 667 891 κοπιώντων
712 841 834 888 ἄλλοι
865 844 961 894 τούς
991 847 1159 888 ἐκείνων
1185 845 1377 899 μόχθους
1406 842 1586 899 ἀπονητί
1619 858 1621 861 ·

109 907 380 971 λαμβάνουσί
404 932 450 960 τε
491 915 564 959 καί
608 914 895 966 ἀπολαύουσι,
936 913 1032 968 μήτ’
1080 914 1247 954 ἐκείνων
1291 913 1586 968 ζημιουμὲνων

110 984 186 1035 τοὶς
212 982 394 1038 α’μοιβοῖς
423 982 526 1039 πρὸς
553 984 630 1025 τοῦ
662 979 1028 1037 ἀγωνοθετοῦντος
1067 981 1176 1022 θεοῦ
1206 978 1275 1021 διὰ
1318 981 1397 1020 τοῦ
1424 976 1586 1032 μεταξύ

109 1053 196 1094 τῶν
231 1049 405 1106 α’γώνων
430 1049 651 1103 θανάτου,
682 1050 755 1091 καί
790 1051 874 1090 τῶν
914 1048 1103 1102 ὑστέρων
1143 1043 1456 1088 κοινωνούντων
1500 1050 1587 1094 τοῖς

110 1115 294 1173 πρώτοις
322 1117 396 1160 διὰ
428 1114 503 1172 τὴν
545 1119 628 1160 τῶν
669 1114 837 1171 τρόπων
879 1112 1106 1170 ὁμοιότητα
1150 1116 1223 1168 τῆς
1268 1115 1472 1167 διανομῆς
1507 1115 1588 1153 τῶν

55 1188 343 1241 15-βραβείων,
371 1184 424 1228 τὰ
449 1184 568 1241 βάθη
598 1187 683 1227 τῶν
717 1186 796 1227 τοῦ
816 1185 922 1226 θεοῦ
952 1179 1166 1238 κριμάτων
1197 1176 1246 1222 οὗ
1278 1182 1524 1234 δυναμένων
1546 1176 1590 1220 ἐν

113 1251 275 1302 τούτοις
309 1250 428 1309 ἡμῶν
457 1254 648 1306 ἐρευνᾶν.

246 1317 443 1364 Εἰκᾰσειε
475 1322 514 1362 δ’
545 1316 598 1362 ἄν
625 1336 689 1370 τις
718 1317 820 1369 ἴσως
850 1319 905 1368 ὥς
935 1325 1022 1369 τοῖς
1049 1319 1220 1372 α’σεβέσι
1252 1316 1448 1365 διώκταις
1472 1316 1590 1371 ἡμῶν
1604 1335 1678 1369 44

113 1390 305 1432 τουτοισί
348 1390 574 1442 μετανοίας
619 1388 798 1443 α’νοίγων
825 1386 967 1441 θύραν
1007 1386 1030 1428 o‘
1062 1385 1198 1435 κοινὸς
1245 1385 1492 1440 προμηθεύς
1524 1386 1589 1426 δί-

115 1457 222 1499 δωσί
249 1471 293 1499 τε
337 1458 539 1512 διαμονῆς
576 1454 727 1512 καιρὸν
769 1458 995 1509 ἐνταυθοῖ,
1042 1456 1114 1496 καί
1143 1454 1423 1507 ὖπερτίθησιν
1449 1450 1594 1495 ἑκατέ-

56 1539 205 1582 ροροις
236 1521 446 1579 ἑκάτερα,
491 1524 593 1579 ἡμῖν
629 1539 672 1566 τε
713 1524 788 1578 τὴν
826 1525 949 1564 θείαν
984 1523 1232 1577 ἐπικουρίαν
1272 1520 1479 1567 κάκείνοις
1522 1520 1595 1575 τὴν

117 1591 290 1634 δικαίαν
321 1592 600 1642 ἐπεξέλευσιν.
658 1590 852 1632 παιδεύει
880 1591 915 1631 δ’
937 1585 1011 1631 οὖν
1042 1585 1156 1642 ὅμως
1183 1587 1411 1644 συμφοράς
1443 1589 1596 1643 ἐπιφέ-
1609 1599 1635 1636 r,
1659 1597 1725 1635 127
1744 1608 1781 1635 γ.

117 1675 204 1714 ρων
230 1661 306 1701 νῦν
330 1660 408 1712 μὲν
437 1657 482 1710 ἐξ
511 1659 703 1714 α’λλήλων
733 1656 931 1712 ἀλλήλοις
953 1653 1311 1711 ἆλλεπαλλὴλους,
1342 1655 1412 1697 ἵνα
1434 1658 1596 1708 μᾶλλον

117 1728 188 1782 τῆς
230 1721 397 1769 ἑαυτῶν
441 1729 591 1777 κακίας
637 1727 908 1768 αἰσθάνοιντο
952 1725 1025 1781 (ου’
1053 1721 1133 1779 γὰρ
1165 1721 1274 1765 κατὰ
1314 1726 1389 1766 τοῦ
1426 1723 1594 1778 ἀγαθοῦ

122 1880 316 1916 constituta
362 1889 443 1915 esee
469 1879 840 1924 spectatrixsneque
874 1877 1039 1922 profecto
1076 1876 1175 1911 illius
1208 1876 1301 1920 apud
1332 1876 1442 1920 ipsam
1486 1874 1596 1910 factas

126 1928 366 1963 clandestinas
396 1927 634 1962 indicationes
661 1932 696 1960 et
720 1927 979 1960 admonitiones
1005 1926 1122 1959 irritas
1148 1924 1329 1968 repellere
1355 1923 1494 1958 valens.
1564 1928 1599 1956 et

121 1976 191 2010 hoc
219 1981 295 2011 erat
320 1975 618 2021 quodecclesiae
653 1980 688 2008 et
721 1975 922 2008 divinorum
962 1973 1152 2018 aliquando
1187 1973 1388 2017 dogmatum
1425 1972 1600 2015 repressit

122 2035 244 2059 veram
272 2024 563 2058 constitutionem
590 2034 668 2056 cum
694 2032 773 2055 meo
800 2021 866 2055 hac
900 2023 936 2055 in
970 2033 1009 2055 re
1040 2021 1168 2055 studio.
1219 2025 1305 2064 puto
1335 2020 1402 2053 deo
1430 2029 1598 2063 compro..

80 2083 84 2088 ·
122 2071 231 2106 hante
258 2071 512 2117 perfectiorem
540 2072 644 2104 etiam
672 2071 800 2104 factam
829 2080 910 2103 esse
936 2070 979 2103 de
1004 2069 1138 2112 pietate
1172 2068 1383 2101 certantium
1414 2068 1597 2100 examina-

123 2121 271 2154 tionem.
320 2129 394 2154 non
421 2119 512 2153 enim
541 2129 662 2153 eorum
682 2119 741 2163 qui
769 2118 945 2160 incipiunt
970 2122 1109 2149 certare
1135 2121 1216 2149 sunt
1241 2125 1397 2148 coronae
1426 2120 1461 2148 et
1490 2124 1598 2158 prae-

123 2169 193 2202 mia
218 2167 282 2206 sed
308 2177 429 2202 eorum
459 2167 520 2212 qui
547 2177 661 2211 usque
688 2167 729 2199 ad
756 2166 859 2199 finem
886 2165 1024 2198 emetiri
1046 2164 1158 2207 parati
1182 2168 1264 2197 sunt
1288 2168 1398 2196 totum
1426 2162 1598 2195 curriculi

124 2217 289 2260 spatium.
316 2225 427 2261 quare
454 2215 559 2248 etiam
580 2225 688 2258 saepe
717 2213 798 2247 aliis
825 2212 1071 2245 laborantibus
1097 2211 1158 2244 alii
1182 2210 1325 2244 illorum
1353 2209 1495 2243 labores
1521 2211 1599 2243 sine

123 2263 248 2298 labore
275 2263 429 2298 subeunt
454 2263 571 2307 iisque
597 2263 761 2295 fruuntur
786 2259 891 2305 quu'm
917 2270 1035 2303 neque
1063 2258 1117 2292 illi
1147 2264 1293 2302 propter
1320 2267 1443 2291 cursus
1469 2258 1600 2291 remis-

125 2312 262 2346 sionem
301 2322 322 2346 α
355 2315 579 2356 proponente
618 2309 809 2343 certamina
846 2309 913 2342 dco
949 2312 1062 2340 morte
1097 2306 1347 2340 certaminibus
1389 2306 1602 2349 interposita

124 2359 340 2404 plectantur,
367 2364 403 2392 et
427 2359 648 2402 posteriores
676 2367 753 2390 cum
782 2355 961 2400 prioribus
991 2359 1137 2399 propter
1160 2355 1335 2388 rationum
1361 2353 1601 2397 aequabilita-

125 2413 195 2442 tem
222 2407 454 2442 communiter
480 2411 614 2449 partem
642 2406 793 2449 quisque
820 2414 917 2437 suam
949 2403 1184 2446 praemiorum
1211 2401 1400 2445 accipiant.
1456 2401 1601 2434 divino-

124 2467 201 2490 rum
237 2461 354 2489 autem
390 2454 600 2487 iudiciorum
638 2458 797 2486 naturam
836 2450 1076 2485 absconditam
1110 2450 1331 2494 investigare
1374 2449 1410 2482 in
1442 2447 1498 2482 his
1534 2458 1600 2482 nos

126 2504 267 2550 quidem
290 2513 362 2537 non
388 2511 586 2546 possumus.

260 2567 470 2604 coniecerit
493 2571 610 2600 autem
638 2566 789 2600 fortasse
815 2564 945 2608 aliquis
974 2563 1090 2607 impiis
1118 2562 1173 2595 bis
1196 2562 1329 2596 nostris
1355 2562 1600 2605 persecutori..

126 2618 196 2652 bus
216 2615 259 2650 ad
278 2615 522 2660 poenitentiae
541 2614 842 2657 opportunitatem
867 2611 1080 2645 offerendam
1098 2620 1316 2644 communem
1333 2609 1486 2643 omnium
1500 2614 1601 2643 tuto-

129 2675 203 2699 rem
232 2664 337 2698 deum
361 2662 525 2696 manendi
555 2662 614 2695 hic
638 2668 775 2704 tempus
796 2659 968 2703 praebere
996 2665 1031 2692 et
1055 2659 1239 2702 imponere
1259 2658 1419 2701 utrisque
1438 2662 1601 2702 utraque,

128 2711 234 2747 nobis
259 2711 418 2745 divinum
443 2708 615 2744 auxilium
647 2715 682 2743 et
707 2708 781 2742 illis
798 2709 923 2741 iustam
943 2716 1107 2751 poenam.
1139 2711 1245 2741 vocat
1270 2705 1380 2750 igitur
1404 2705 1447 2738 ad
1469 2705 1602 2739 melio·

128 2770 204 2802 rem
227 2759 380 2806 frugem,
405 2757 626 2794 calamitates
651 2757 839 2793 inferendo
879 2766 974 2790 nunc
1004 2755 1146 2804 quidem
1184 2759 1266 2802 post
1291 2753 1382 2789 alios
1407 2752 1488 2790 aliis
1513 2763 1601 2801 per-
