1826 3120
1822 115 1826 119 .
1816 0 1826 73 μνη-«σι

325 151 427 205 ’308
730 157 1027 206 menri-:rom
1068 156 1371 200 GREGORAE

236 276 319 312 ὅθ’
458 266 518 309 Εἰ
552 267 589 308 δ’
635 267 679 308 ἐν
723 267 907 322 ποιότητι
947 259 1084 322 α’όγκῳ
1114 279 1159 306 τε
1204 265 1275 306 καί
1312 263 1514 318 α’μεγέθει
1545 264 1674 318 μέρος
1704 262 1780 304 ουίι

320 333 457 384 ἔξεστι
495 334 628 387 λέγειν
670 336 858 388 κυρίως,
910 326 1008 373 οὔτε
1049 334 1229 386 μέγεθος
1271 330 1396 372 οὐδὲν
1438 331 1711 384 προστιθέναι
1754 325 1780 383 ἢ

318 399 524 456 α’φαιρεῖν
555 400 626 454 (οὗ
656 399 737 453 γάρ
767 402 954 453 λέγομεν
973 392 1070 440 οὔτε
1096 397 1281 453 μεγάλην
1319 393 1416 439 οὔτε
1444 397 1600 451 μικρὰν
1631 397 1780 438 λευκό-

320 470 475 523 τητα),
521 470 679 511 πολλοῦ
726 468 840 519 μέντ’
881 463 934 507 ἄν
979 462 1143 520 δεήσειε
1170 467 1241 506 καί
1283 467 1358 506 τοῦ
1385 463 1539 514 παντός
1579 467 1677 519 περί
1706 466 1780 518 τῆς

318 532 438 582 θείας
469 534 617 582 ου’σιάς
645 535 820 575 τοιαῦτα
850 539 958 575 νοεῖν
989 532 1061 574 καί
1091 535 1236 588 λέγειν,
1266 529 1291 585 ἢ
1321 533 1480 588 μεγέθη
1504 534 1582 585 μὲν
1609 531 1682 573 καί
1704 546 1813 584 ιιι-5

317 598 498 659 κρότητα
526 600 723 656 πεποίηκε’
755 616 800 642 τε
832 601 914 646 καί,
935 600 1003 642 αἐἰ
1029 605 1151 653 ποιεῖ,
1184 598 1292 653 αὕτὴ
1327 601 1365 640 δ’
1391 601 1484 642 ε’στί
1510 597 1618 641 κατὰ
1648 598 1779 657 φόρων

319 667 488 723 ου’δαμῇ
515 669 651 722 μηδὲν
680 661 738 709 ὧν
767 671 966 722 πεποίηκε’
996 683 1038 710 τε
1071 669 1143 709 καί
1171 665 1241 708 cisi
1269 671 1390 708 ποιεῖ’.
1435 667 1561 726 rorida
1588 664 1789 722 πρόεισιν

317 734 379 781 εἰς
407 728 541 787 ὄγκον,
571 734 662 775 ov‘d’
693 730 745 775 οὗ
771 732 828 788 μὴ
863 734 1117 791 προχωρήσῃ
1148 736 1260 775 ποτέ.
1318 733 1364 775 τὸ
1394 732 1475 788 γάρ
1502 728 1615 791 ,ὄγκῳ
1634 734 1779 786 μεῖζον

318 799 535 853 γινόμενον
566 798 746 853 δυνάμει
775 803 934 854 γίνεται
964 799 1149 855 ἔλαττον,
1181 801 1254 843 καί
1281 799 1327 841 τό
1361 799 1580 853 δυνάμεως
1607 801 1779 853 μεγέθει

317 868 516 920 μέγιστον
545 861 667 921 ὄγκου
691 870 874 909 λείπεται
909 867 1075 919 παντὸς,
1106 866 1172 908 ἵνα
1193 869 1386 921 μέγιστον
1413 867 1568 919 ὁμοίως
1597 865 1665 907 ἀεὶ
1683 867 1781 907 δια-
1792 873 1826 909 1(

317 937 435 993 μένῃ.
494 934 566 976 καί
592 934 672 989 γάρ
704 937 776 977 καί
803 937 843 977 εἰ
871 937 968 988 περί
994 938 1067 989 τῆς
1097 937 1139 976 ἐν
1170 933 1282 986 χιόνι
1310 935 1778 990 βουληθειήμενὲλέγειν

318 1000 570 1058 λευκότητος
608 1002 912 1057 ὖποδείγματος
956 1001 1119 1054 ἕνεκεν,
1161 1003 1209 1043 οὐ
1251 1002 1327 1056 τήν
1377 1004 1419 1043 ἐν
1458 1004 1514 1058 τῷ
1556 1003 1674 1056 μέρει
1703 1003 1776 1055 τῆς

318 1067 461 1123 χιόνος
487 1069 712 1124 λευκότητα
734 1072 860 1125 μέρος
886 1066 937 1112 ἂν
966 1073 1150 1126 φαίημεν
1180 1071 1254 1123 τῆς
1283 1071 1326 1110 ἐν
1345 1070 1511 1124 πλείστῃ
1538 1067 1655 1122 χιόνι
1682 1071 1776 1109 &ev-¹

319 1136 500 1191 κότητος,
530 1135 635 1177 α’λλὰ
664 1140 820 1191 μέρους
863 1139 940 1189 μὲν
971 1135 1116 1190 χιόνος
1159 1136 1412 1191 λευκότητα,
1443 1137 1571 1189 μέρος
1601 1135 1647 1176 δὲ
1680 1139 1778 1176 λευ-

318 1201 488 1258 κότητος
518 1200 682 1257 ἥκιστα·
743 1199 892 1257 ἇογκον
923 1202 1004 1258 γάρ
1035 1206 1106 1244 καί
1134 1198 1290 1245 ἇποσον
1319 1202 1416 1243 καθ’
1445 1198 1547 1243 αότὸ
1577 1200 1826 1254 umidus-15

228 1273 441 1324 δβγεθες
466 1269 491 1323 ἦ
524 1269 721 1324 λευκότης
739 1301 750 1322 ,
790 1270 848 1318 ὥς
896 1270 1118 1312 δέδεικται.
1188 1271 1228 1311 εἰ
1251 1270 1295 1310 δὲ
1326 1270 1434 1323 μηδὲ
1465 1267 1723 1324 συμβεβηκὸς
1749 1268 1795 1322 ἢ

319 1334 516 1384 οἷνοόσιος
547 1332 654 1390 αὕτη
682 1340 969 1391 συγχωρεῖταί
993 1351 1059 1378 σοι
1108 1339 1296 1391 γίνεσθαι
1325 1338 1533 1390 ἐνέργεια,
1562 1330 1652 1375 nov-
1669 1333 1774 1376 ταύ-

316 1416 392 1457 την
420 1405 565 1444 θετέον
584 1419 594 1430 ·
653 1404 743 1457 λέγε
773 1406 845 1444 καί
874 1405 1092 1456 νομοθέτει
1114 1403 1182 1446 σύ.
1241 1405 1315 1458 τῆς
1341 1401 1422 1457 γάρ
1444 1403 1518 1444 τοῦ
1542 1397 1654 1451 ὄντος
1679 1405 1774 1456 φοοωΓ
1821 1412 1826 1424 “

315 1470 387 1523 νῆς
425 1472 484 1518 εἰς
527 1469 675 1512 οὕσιάν
710 1472 785 1512 καί
813 1470 1078 1525 συμβεβηκὸς
1113 1472 1431 1525 διαιρουμένης,
1461 1471 1500 1512 εἰ
1526 1466 1620 1523 μήτ’
1649 1468 1773 1510 οὕσιίι

315 1534 423 1590 μήτε
454 1535 720 1591 συμβεβηκὸς
749 1535 838 1591 εἴη,
876 1539 958 1578 τῶν
987 1532 1115 1579 ὄντων
1153 1538 1228 1579 οιῖκ
1257 1532 1308 1578 ἂν
1337 1538 1513 1592 λέγοιτο.
1585 1538 1771 1578 λείπεται
1783 1538 1826 1574 2⁰

316 1598 401 1655 ἄρα
434 1601 493 1658 μὴ
523 1597 571 1645 ὂν
600 1606 643 1654 ἐξ
671 1603 851 1661 α’νάγκης
878 1607 1089 1658 λέγεσθαι.
1149 1599 1258 1658 αὕτη
1286 1605 1367 1646 τῶν
1395 1605 1547 1646 καινῶν
1573 1618 1649 1645 σου
1680 1605 1771 1657 δογ-

314 1668 459 1724 μοὶτων
486 1670 511 1725 ἦ
543 1674 752 1727 τερατεία,
785 1674 884 1714 καλὲ
917 1672 1132 1725 flammi,
1157 1670 1205 1713 τὸ
1235 1670 1447 1714 πιστεύειν
1475 1672 1535 1721 εἰς
1558 1667 1602 1713 τό
1634 1669 1693 1725 μὴ
1724 1667 1772 1713 ο’“ν

411 1839 545 1882 Quodsi
559 1841 595 1874 in
610 1840 780 1886 qualitate
795 1852 887 1887 quae
899 1841 1148 1887 magnitudinis
1168 1846 1203 1875 et
1211 1840 1451 1884 amplitudinis
1467 1844 1521 1874 est
1534 1846 1672 1884 expers,
1686 1849 1771 1885 par-

314 1891 385 1921 tem
402 1897 473 1921 non
501 1887 588 1922 licet
611 1889 756 1933 proprie
781 1889 920 1932 dicere,
958 1899 1075 1933 neque
1100 1888 1374 1932 magnitudinem
1399 1886 1508 1921 ullam
1532 1888 1687 1922 adiicere
1712 1893 1772 1922 ant

315 1934 523 1969 detrahere:
549 1946 667 1981 neque
685 1937 775 1970 enim
789 1937 936 1970 dicimus
950 1946 1108 1981 magnam
1120 1946 1238 1980 neque
1255 1945 1398 1978 parvam
1411 1934 1658 1968 albitudinem:
1677 1935 1771 1968 mul-

314 1986 386 2015 tum
402 1983 563 2026 profecto
578 1984 656 2017 sive
671 1984 788 2027 potius
803 1994 906 2017 omne
920 1984 1032 2026 abest,
1056 1989 1095 2016 ut
1108 1983 1150 2016 de
1169 1983 1288 2016 divina
1306 1982 1460 2015 essentia
1472 1981 1556 2015 talia
1575 1983 1770 2027 cogitemus

317 2034 352 2062 et
367 2030 535 2072 dicamus,
555 2041 645 2075 quae
662 2032 936 2075 magnitudinem
956 2037 992 2064 et
1009 2031 1215 2074 parvitatem
1230 2030 1317 2063 fecit
1335 2034 1370 2062 et
1388 2039 1527 2072 semper
1547 2030 1655 2063 facit:
1682 2029 1770 2063 haec

316 2082 432 2110 autem
461 2088 481 2111 a
504 2083 629 2112 natura
653 2078 753 2112 nullo
777 2079 879 2112 modo
901 2079 1089 2123 quidquam
1109 2083 1162 2111 est
1181 2087 1312 2119 eorum,
1339 2087 1429 2120 quae
1448 2076 1542 2110 *fecit
1569 2081 1604 2109 et
1631 2087 1770 2120 semper

316 2124 421 2158 facit:
447 2135 564 2170 neque
590 2126 707 2169 prodit
732 2126 768 2159 in
793 2125 1078 2170 amplitudinem,
1114 2135 1230 2168 neque
1257 2134 1407 2168 unquam
1434 2123 1615 2167 procedet,
1639 2125 1768 2156 etenim
1824 2134 1826 2174 ἦ

316 2172 408 2216 quod
425 2173 658 2216 amplitudine
672 2173 783 2207 maius
797 2174 846 2214 iit,
867 2173 903 2206 vi
917 2173 955 2207 fit
973 2173 1088 2206 minus
1105 2177 1140 2206 et
1153 2171 1245 2215 quod
1260 2172 1313 2205 vis
1328 2170 1567 2215 magnitudine
1582 2172 1768 2204 maximum
1825 2176 1826 2214 l

317 2224 383 2261 est,
412 2219 455 2253 ab
481 2219 710 2264 amplitudine
735 2220 949 2264 relinquitur
975 2220 1090 2262 omni,
1116 2224 1154 2252 ut
1175 2219 1360 2252 maximum
1379 2228 1492 2262 aeque
1518 2228 1656 2260 semper
1683 2228 1767 2261 per..

314 2272 465 2300 maneat.
526 2268 655 2301 etenim
691 2268 722 2300 si
754 2267 797 2300 de
831 2267 1027 2300 albitudine
1067 2277 1158 2311 quae
1194 2271 1246 2298 est
1283 2266 1318 2298 in
1350 2266 1434 2298 nive
1460 2264 1611 2298 velimus
1637 2265 1768 2306 dicere,

319 2313 476 2357 exempli
501 2315 627 2359 gratia,
652 2324 724 2348 non
750 2314 1096 2358 albitudinequuae
1123 2318 1176 2346 est
1200 2313 1236 2346 in
1261 2317 1361 2356 parte
1385 2312 1479 2346 nivis
1505 2312 1659 2345 dicamus
1683 2323 1767 2355 par..

314 2364 385 2393 tem
412 2361 616 2395 albitudinis
653 2372 744 2406 quae
783 2367 836 2395 est
862 2363 899 2394 in
925 2361 1075 2404 plurima
1099 2361 1183 2394 nive
1200 2386 1210 2402 ‚
1236 2361 1298 2393 sed
1323 2359 1550 2392 albitudinem
1576 2360 1684 2403 partis
1708 2360 1767 2392 ni-

316 2408 396 2450 vis,
426 2409 568 2442 minime
594 2415 710 2442 autem
737 2415 870 2453 partem
897 2409 1112 2442 albitudinis.
1162 2407 1400 2451 amplitudinis
1435 2407 1527 2439 enim
1559 2411 1594 2439 et
1625 2407 1767 2450 quanti-

317 2456 399 2489 tatis
427 2467 554 2500 expers
579 2466 643 2500 per
667 2466 706 2490 se
736 2461 771 2489 et
795 2456 1045 2500 magnitudinis
1066 2460 1119 2488 est
1141 2454 1311 2496 albitudo‚
1337 2459 1376 2486 ut
1402 2454 1673 2487 demonstratum
1701 2458 1765 2487 est.

317 2503 371 2536 sin
398 2509 515 2536 autem
540 2514 586 2537 ne
610 2503 774 2537 accidens
801 2504 941 2548 quidem
967 2513 1046 2536 esse
1070 2502 1158 2535 haec
1193 2501 1433 2534 inessentialis
1459 2511 1479 2534 a
1506 2506 1542 2534 te
1563 2501 1768 2534 conceditur

319 2550 527 2593 efficientia,
554 2551 614 2584 ubi
645 2561 718 2584 eam
748 2549 950 2594 ponemus?
999 2550 1054 2583 dic
1081 2554 1116 2582 et
1134 2549 1267 2592 impera
1291 2554 1348 2582 tu:
1375 2559 1452 2581 cum
1479 2549 1571 2581 enim
1594 2558 1665 2581 vox
1691 2548 1766 2580 cius

319 2598 411 2641 quod
456 2603 510 2632 est
546 2599 581 2631 in
613 2598 801 2633 essentiam
842 2603 877 2630 et
912 2596 1076 2630 accidens
1103 2596 1298 2637 dividatur,
1325 2596 1355 2629 si
1381 2595 1446 2628 illa
1470 2605 1587 2639 nexque
1613 2595 1767 2628 essentia

318 2650 372 2678 est
396 2655 514 2690 neque
539 2646 726 2687 accidens,
752 2655 823 2678 non
849 2645 918 2678 dici
943 2649 1061 2687 potest
1085 2643 1271 2687 quidquam
1308 2652 1427 2676 eorum
1453 2653 1543 2687 quae
1568 2647 1671 2676 sunt:
1704 2652 1766 2674 re..

315 2691 488 2735 linquitur
514 2693 623 2737 igitur
659 2692 863 2726 necessario
897 2696 935 2724 ut
958 2701 1028 2724 non
1072 2700 1149 2724 esse
1181 2691 1326 2723 dicatur.
1386 2689 1452 2723 hae
1486 2695 1567 2723 sunt
1592 2698 1765 2723 novorum
1802 2719 1805 2721 .

316 2743 455 2774 tuorum
480 2741 679 2785 dogmatum
714 2740 954 2785 praestigiae,
980 2738 1118 2773 Palania
1145 2737 1312 2783 egregie,
1342 2742 1380 2771 ut
1392 2737 1527 2786 'credas
1552 2737 1588 2773 in
1614 2737 1648 2771 id
1673 2736 1766 2780 quod
