1786 3138
251 178 354 233 488-
665 187 960 233 NicEPnom
1004 187 1310 238 GREGORAE

255 294 280 337 ὅ
303 299 501 347 τοσοῦτος
527 297 600 340 καί
626 296 990 353 τηλικοῦτος.ἇνήρ
1025 293 1182 348 ἄπνους
1211 294 1364 350 σχεδὸν
1390 295 1534 348 ἔκειτο,
1558 295 1620 347 τίς
1640 293 1713 348 ὄν,

166 361 237 411 22
252 359 331 404 κᾶν
350 363 522 419 σφόδρα
549 362 744 419 μεμηνώς
767 359 808 420 ᾗ,
838 362 1112 414 καταδέξαιτο
1131 362 1175 404 τὸ
1197 362 1474 419 βλάσφημον,·
1503 360 1549 404 τὸ
1565 362 1644 417 μὲν
1661 359 1712 417 δὴ

175 422 178 424 Α
256 426 328 471 οὖν
357 430 723 486 ἀπαρακαλύπτως
752 431 825 472 καί
851 431 1018 486 γυμνῶς
1045 445 1218 472 τοιαυτα
1258 428 1392 485 λέγειν
1423 429 1496 472 καί
1534 433 1644 472 νοεῖν
1673 427 1711 470 οἱ

252 498 364 537 θεῖοι
385 497 562 552 πατέρες
577 497 649 538 καί
672 498 921 540 διδάσκαλοι
944 499 1016 552 τῆς
1037 496 1252 551 εὐσεβείας
1273 497 1422 553 ἥκιστα
1446 497 1712 539 παντάπασιν

251 562 398 616 ἔσχον·
458 561 482 606 ὃ
514 564 560 606 δὲ
588 568 677 606 κατ’
711 564 953 619 οἰκονομίαν
980 580 1073 607 τινα
1104 563 1223 619 παρὰ
1251 565 1355 606 θεοῦ
1379 579 1547 621 γεγονος
1574 563 1743 620 λέγειν5

249 630 542 689 προήχθησαν,
573 631 817 684 κολάζοντές
847 649 936 681 πως
968 632 1134 673 κιῖκεϊνο
1154 622 1226 673 καῖ
1249 623 1436 690 βραχείᾳ,
1462 630 1544 674 τινὶ
1572 633 1706 685 θερα-

249 694 440 745 πεύοντες
466 697 688 753 προσθήκῃ
734 696 780 739 τὸ
821 698 1054 755 ἐπίφθονον
1094 697 1374 753 ἀπήγγειλαν,
1403 695 1460 747 ὦς
1487 696 1707 738 κάνταῦθα

247 763 321 816 τῆς
347 777 394 817 γε
425 763 558 818 δήπου
589 766 750 814 τελείας
781 765 1013 821 ἐμφανείας
1041 765 1114 806 καί
1149 764 1317 814 δείξεως
1344 761 1415 806 τὸν
1445 761 1566 819 ἧμοόν
1595 762 1706 805 ἀπά-

247 843 387 884 γοντες
416 831 512 871 νοῦν
541 832 725 889 βραχείᾳ
756 831 908 887 ταύτῃ,
946 833 999 888 τῇ
1027 833 1100 886 τῆς
1124 831 1242 887 παρά
1261 829 1508 887 προθέσεως
1532 829 1706 886 δηλαδή,

249 896 471 952 προσθήκῃ
502 899 575 952 τῆς
603 899 645 947 ές
672 897 724 940 τὰ
755 898 939 941 ἀδύνατα
969 897 1236 940 συνέστειλαν
1271 896 1406 953 ὁρμῆς
1435 895 1597 940 οὖτωσί
1617 913 1707 947 πως
1721 902 1764 939 1⁰

66 962 93 999 f·
117 962 185 999 24⁷
200 963 234 998 b·
247 962 293 1004 τὸ
324 960 522 1013 αῦθαδες.
567 964 635 1006 ἵνα
668 966 713 1007 δὲ
741 966 814 1008 καί
840 963 1146 1020 ὑποδείγμασιν
1174 960 1333 1020 ἑτέροις
1357 962 1430 1006 τὸν
1459 964 1582 1019 λόγον
1610 964 1704 1004 δια-

160 1029 537 1085 88λευκάνωμεν,
580 1030 603 1073 ὅ
631 1031 822 1089 μελῳδὸς
859 1033 1014 1081 ἐκεῖνος
1050 1031 1198 1074 αὐτίκα
1238 1032 1402 1087 παρίτω
1432 1045 1535 1085 μοι,
1569 1028 1704 1084 ζζσῦμ-

246 1096 378 1150 fleto?
411 1098 587 1154 φάσκων
613 1096 713 1154 ατῆς
750 1101 889 1156 ταφῆς
928 1115 1005 1141 σου
1037 1098 1291 1154 παρέδειξας
1335 1097 1470 1139 πάλαι
1498 1094 1573 1147 τοὶς
1601 1095 1704 1152 ἆρά-

246 1179 334 1214 σεις
386 1165 640 1219 πληθόνας.”
711 1168 873 1220 μᾶλλον
924 1167 961 1207 δ’
1003 1167 1140 1207 ἐκεῖνα
1196 1181 1360 1221 παριτω
1409 1162 1436 1205 ἃ
1480 1165 1520 1207 Γ
1522 1166 1702 1220 ρηγοριῒρ

244 1231 306 1287 τῷ
352 1230 538 1287 θεολόγῳ
587 1231 685 1287 περὶ
724 1233 799 1274 τοῦ
836 1233 982 1285 πάσχα
1015 1232 1378 1289 πεφιλοσόφηται·
1414 1228 1544 1273 “ὁ’ταν
1574 1228 1705 1272 adu?
1720 1236 1763 1291 15

246 1313 353 1353 φησι
393 1295 518 1355 “πίνῃ
558 1300 702 1341 καινὸν
737 1302 835 1354 μεθ)
878 1298 995 1354 ὑμῶν
1034 1302 1077 1342 ἐν
1104 1301 1158 1356 τῇ
1184 1298 1381 1357 βασιλείᾳ
1410 1298 1484 1340 τοῦ
1527 1296 1704 1352 πατρός,

247 1363 551 1408 ἀποκαλύπτων
610 1368 683 1409 καί
738 1366 950 1409 διδάσκων
1004 1364 1030 1408 ἃ
1075 1367 1148 1408 νῦν
1189 1365 1373 1421 μετρίως
1424 1361 1706 1419 παρέδειξενῗ

244 1430 348 1490 ὅρᾷς
389 1435 478 1483 πῶς
539 1432 565 1488 ἦ
610 1434 728 1490 παρά
778 1434 984 1489 πρόθεσις
1040 1435 1356 1490 παρακρούεται
1403 1433 1482 1487 μὲν
1524 1431 1598 1487 τὴν
1635 1432 1702 1475 τέ-

243 1502 360 1541 λειαν
392 1502 465 1555 τῆς
498 1500 701 1556 ἀληθείας
731 1500 927 1553 ἔνδειξιν,
977 1501 1211 1557 ἀντεισάγει
1258 1501 1303 1543 δὲ
1343 1500 1417 1556 τὴν
1446 1499 1603 1555 σκιώδη
1631 1498 1703 1541 καί

246 1565 383 1621 ἀτελῆ.
441 1568 514 1609 καί
543 1568 668 1610 πάλιν
697 1570 976 1624 ἐγκαινίζεται
1017 1569 1062 1611 δὲ
1107 1567 1180 1610 καί
1206 1567 1233 1623 ἦ
1263 1566 1392 1624 σκηνὴ
1434 1568 1510 1610 τοῦ
1534 1584 1699 1623 μαρτυ-
1712 1575 1762 1621 2⁰.

245 1634 339 1688 ρίου
386 1632 459 1675 καί
498 1635 593 1676 λίαν
630 1637 893 1686 πολυτελῶς,
939 1633 989 1691 ἣν
1027 1634 1126 1684 θεὸς
1166 1634 1388 1691 παρέδειξε
1419 1634 1494 1676 καί
1531 1634 1703 1688 Μωσῆς

243 1698 423 1753 ἐπήξατο
450 1700 524 1742 καί
549 1700 762 1756 Βεσελεὴλ
789 1703 1015 1753 ἐτελείωσε,
1048 1703 1235 1752 τυπικῶς
1265 1698 1427 1756 δηλαδὴ
1454 1700 1528 1742 καί
1553 1698 1703 1755 ἥκιστά

243 1781 309 1806 πω
338 1771 427 1808 κατ’
462 1767 628 1811 οὐσίαν·
685 1767 819 1826 “3902”
848 1770 928 1827 γάρ
953 1786 1060 1827 φησι
1084 1768 1303 1824 ε(ποιήσεις
1336 1767 1471 1810 πάντα
1503 1764 1609 1810 κατὰ
1629 1765 1701 1830 τόν

153 1842 228 1875 89
240 1832 368 1876 τύπον
398 1832 469 1876 τὸν
501 1835 722 1889 δειχθέντα
752 1852 821 1879 σοι
854 1838 897 1879 ἐν
936 1838 998 1894 τῷ
1025 1833 1152 1893 ὄρει.”
1218 1835 1291 1877 καί
1321 1831 1487 1890 ἄγγελοι
1516 1833 1583 1885 δέ,
1615 1850 1697 1890 φη-

242 2010 309 2043 etsi
332 2010 514 2043 admodum
541 2010 734 2055 insipiens,
777 2012 835 2056 qui
872 2011 1076 2045 illusionem
1114 2010 1196 2044 inde
1229 2009 1418 2052 concipiat.
1480 2018 1551 2042 non
1588 2009 1698 2053 igitur

240 2062 364 2100 aperte
390 2062 425 2090 et
449 2058 630 2092 inocculte
656 2059 739 2092 talia
768 2059 909 2092 omnino
937 2064 996 2092 aut
1026 2059 1186 2101 cogitare
1212 2062 1271 2090 aut
1298 2056 1604 2099 proferrerdivini
1630 2067 1696 2100 pa-

241 2109 314 2137 tres
343 2109 378 2137 et
403 2104 580 2138 ecclesiae
606 2107 763 2149 magistri
790 2106 967 2139 solebant.
1016 2106 1108 2149 quod
1125 2110 1240 2138 autem
1266 2114 1286 2137 a
1311 2104 1376 2137 deo
1408 2103 1537 2136 factum
1564 2103 1605 2136 ad
1634 2114 1695 2137 ra-

240 2151 372 2184 tionem
399 2152 568 2195 quandam
596 2152 705 2186 locuti
739 2158 837 2195 sunt,
875 2153 1072 2186 coercendo
1109 2152 1196 2185 illud
1234 2150 1486 2196 quodammodo
1533 2155 1568 2184 et
1592 2150 1693 2184 brevi

242 2199 376 2231 cuidam
403 2199 595 2233 adiectioni
621 2201 811 2233 serviendo
850 2200 1050 2234 inusitatum
1083 2198 1331 2243 protulerunt,
1369 2198 1418 2230 ita
1444 2202 1483 2230 ut
1506 2196 1692 2231 absolutae

238 2246 396 2278 notionis
425 2251 459 2279 et
483 2247 754 2290 significationis
778 2253 894 2281 mente
918 2253 1038 2280 nostra
1062 2252 1209 2286 remota,
1237 2245 1302 2278 hac
1325 2245 1426 2278 brevi
1451 2245 1692 2288 praepositio-

239 2292 294 2324 nis
323 2293 433 2325 “sub’'
461 2294 660 2327 adiectione
695 2296 842 2328 infinitis
868 2294 1071 2339 quibusdam
1100 2293 1225 2326 linibus
1252 2293 1604 2335 circumscripserint.
1653 2297 1692 2325 ut

239 2349 327 2372 vero
358 2339 439 2373 aliis
464 2342 679 2383 argumentis
707 2343 901 2375 orationem
936 2342 1209 2384 distinguamus,
1245 2344 1350 2383 poeta
1376 2338 1440 2372 ille
1462 2339 1579 2371 statim
1604 2339 1690 2372 mihi

239 2392 420 2429 appareat.
472 2389 531 2431 qui
557 2389 664 2422 dicit:
691 2390 784 2433 signi
810 2389 991 2433 sepulchri
1015 2389 1066 2421 tui
1087 2388 1272 2421 ostendisti
1289 2386 1372 2419 olim
1389 2385 1580 2419 dilatando.
1630 2392 1691 2420 aut
1751 2392 1786 2421 *n*

238 2434 356 2476 potius
384 2433 460 2476 illa,
488 2446 578 2479 quae
606 2436 798 2480 Gregorius
825 2436 1015 2480 theologus
1030 2436 1073 2468 de
1088 2434 1219 2478 pascha
1237 2434 1426 2468 disseruit:
1453 2433 1604 2477 quando,
1630 2434 1688 2466 in-
1785 2431 1786 2457 i

238 2481 325 2527 qujt,
351 2490 481 2514 novum
511 2482 600 2516 illud
629 2483 726 2516 bibet
751 2484 786 2516 in
813 2494 924 2528 regno
950 2484 1072 2527 patris,
1099 2483 1158 2515 ubi
1183 2482 1320 2526 aperiet
1346 2486 1380 2514 et
1402 2480 1567 2522 docebit,
1599 2490 1689 2525 quae

236 2528 443 2571 imperiecta
467 2530 693 2573 significavit.

368 2586 544 2630 Videsne,
572 2589 747 2632 quomodo
774 2590 992 2633 praepositio
1020 2589 1130 2623 “sub'’
1158 2586 1351 2621 absolutam
1378 2586 1540 2620 veritatis
1564 2586 1686 2620 notio..
1780 2571 1786 2628 ζ

235 2642 314 2665 nem
340 2640 521 2676 removet,
563 2637 797 2669 adumbratam
835 2642 951 2670 autem
991 2642 1024 2670 et
1063 2646 1134 2670 non
1159 2635 1353 2668 absolutam
1379 2631 1602 2667 introducit?
1651 2639 1686 2667 et

234 2689 355 2713 rursus
380 2683 573 2715 testimonii
598 2694 704 2716 scena
728 2690 1019 2717 commemoratur
1037 2693 1160 2728 magna
1182 2693 1258 2715 cum
1282 2681 1555 2726 magnificentia,
1583 2691 1684 2724 quam
1771 2677 1786 2732 1Ι

237 2726 323 2759 deus
349 2727 520 2762 iudicavit
545 2735 580 2762 et
603 2730 718 2764 Moses
746 2733 916 2765 exstruxit
943 2737 978 2765 et
1009 2729 1166 2765 Beseliel
1202 2730 1395 2773 perlectam
1431 2727 1596 2772 reliquit,
1622 2732 1682 2770 ty·
1774 2735 1786 2772 ,1

235 2773 316 2816 pico
342 2776 458 2815 modo,
484 2777 627 2810 minimo
656 2778 698 2811 ad
724 2779 921 2812 veritatem,
971 2779 1055 2812 vide
1082 2778 1186 2820 enim,
1213 2777 1338 2822 inquit,
1364 2780 1402 2808 ut
1426 2775 1536 2809 iacias
1558 2779 1681 2809 cuncta
1739 2811 1749 2822 .
1769 2768 1786 2825 „¹
