1826 3120
198 126 498 190 msromffl
521 143 867 190 ΒΥΖΛΝΉΝΑΕ
890 146 1016 190 xxx.
1049 133 1374 212 tot—1⁴04.
1457 142 1554 191 337

81 249 208 295 θεΐαν
237 257 452 309 συνιστοῖν,
476 252 577 305 τούς
614 258 694 309 μὲν
722 255 1101 313 προενηνεγμένους
1132 253 1331 310 ἐλέγχους
1371 257 1557 305 ἐκείνους

31 375 35 379 ¹
82 319 198 377 αὐτῷ
222 321 298 364 καί
323 321 398 379 τὴν
427 323 522 366 κατ’
551 323 686 366 αὐτοῦ
712 326 916 379 χεθεΐσαν
952 324 1110 379 χλεύην
1139 323 1207 380 ἐφ’
1245 317 1306 373 οἷς
1339 323 1555 378 προύθετο

80 387 188 430 π’ἅσι
227 387 410 444 τάχιστα
453 389 740 443 ἐκλαθόμενος
782 390 854 433 διὰ
885 389 1145 446 σκληρότητα
1176 390 1248 433 καί
1278 390 1554 446 ἀναλγησίαν,

81 453 137 505 ὥς
169 452 295 510 ἔοικε,
325 457 508 515 γνώμης,
539 453 689 514 ἑτέρας
713 452 842 508 αὖθις
860 460 1001 513 εἰσῆγε
1030 458 1166 514 λόγων
1187 456 1436 516 προφάσεις,
1470 475 1556 500 πα-

26 523 435 578 Ἰ5ραθαρρι1νοντας
469 523 581 580 ἔχων
611 524 752 575 ὁποῖος
792 524 925 576 mirac
961 522 1186 576 θιασώτας
1215 528 1308 569 ἐκεῖ
1331 526 1383 569 τά
1419 541 1555 582 προσ-

77 590 343 645 τυγχάνοντα
374 593 508 647 λέγειν
538 593 620 644 ἀεί,
647 593 706 649 μή
742 595 961 649 σιωπήσας
990 592 1085 651 δόξῃ
1107 596 1306 636 νικᾶσθαι
1332 598 1416 643 τοῖς
1433 595 1555 636 πλεί-

0 710 1 734 ¹
79 671 206 712 στοις,
239 657 355 701 oſtrei
387 661 508 702 νικᾶν
531 660 637 720 μόνῃ
669 660 719 717 δὴ
749 661 798 718 τῇ
821 660 1050 719 πολυλογίᾳ
1069 663 1426 718 παραμετροῦσιν.
1459 663 1556 705 ἰτα-

0 744 1 783 3
78 723 162 778 μὸν
196 723 278 782 γὰρ
308 728 335 782 ἤ
365 725 534 778 α’μαθιά
565 729 640 770 καί
662 729 834 785 σφόδρα
864 746 903 771 τι
936 729 1135 783 α’ναιδές,
1170 731 1242 772 καί
1267 733 1389 786 φιλεῖ
1421 745 1466 785 γε
1497 730 1556 780 ὥς

0 791 1 866 Ῑ
81 791 133 833 τὰ
185 792 319 836 πολλοὶ
369 793 417 836 το“
463 798 536 851 τῆς
584 797 817 851 μαθήσεως
868 799 1033 847 ἐλλιπὲς
1079 800 1270 853 θράσους
1318 798 1555 852 α’νασώζειν

0 861 320 928 μθπλεονεξίᾳ,
345 861 420 904 καί
455 864 636 916 μάλισθ’
667 859 768 907 ὅταν
807 861 1020 918 ἀμαθέσιν
1050 866 1278 922 α’κροαταῖς
1307 867 1551 925 ἐντυγχάνῃ.

0 929 1 993 ᾗ
79 922 133 969 ἄν
163 929 211 970 δὲ
237 929 312 972 καί
343 929 522 985 ἰταμοὺς
544 930 702 985 ὁμοίως
731 934 972 989 ἐξεπίτηδες
1000 935 1138 984 ἐνίους
1163 933 1239 993 ἔχῃ
1269 933 1554 988 σπουδαστάς,

0 995 1 1000 ’
80 991 263 1051 ἀσήμοις
293 997 620 1053 ἐπικροτοῦντας
634 1006 839 1055 κραυγαῖς
872 1000 946 1042 καί
974 1003 1024 1058 τῇ
1053 1002 1124 1057 τῆς
1155 1002 1284 1057 α’κοῆς
1315 1003 1556 1045 α’ντιπατα-

83 1063 261 1116 γοῦντας
294 1066 518 1124 ἐλευθερίᾳ
534 1068 608 1108 καί
635 1070 893 1122 συγχέοντας
921 1066 965 1110 τὸ
986 1070 1060 1123 τῆς
1091 1070 1295 1124 ἀληθείας
1325 1069 1554 1125 κριτήριον,

79 1132 160 1171 ποῦ
190 1130 269 1172 οὐκ
295 1128 361 1173 ’ἂν
402 1130 446 1183 τὸ
481 1132 620 1176 δεινὸν
663 1135 902 1185 αὐθαδείας
933 1138 1142 1192 προβαίη;
1179 1134 1244 1178 διὸ
1277 1138 1350 1179 καί
1388 1139 1555 1190 βιβλίον
1570 1152 1683 1187 1114

21 1205 66 1242 15
79 1197 151 1239 ἐπὶ
197 1196 363 1249 τούτοις
412 1200 603 1260 α’νεῳγώς
650 1199 671 1243 ὅ
719 1205 939 1255 Παλαμᾶς
989 1204 1242 1257 α’νεγίνωσκε
1287 1203 1410 1260 ῥῆσιν
1452 1200 1554 1246 ἄλλο

22 1261 30 1266 ”
79 1265 288 1319 λέγουσαν
329 1263 439 1310 εἶναι
476 1264 546 1311 τόν
579 1271 829 1326 ἐνεργοῦντα
868 1270 941 1312 καί
969 1266 1071 1313 ἄλλο
1101 1269 1144 1313 τό
1180 1269 1441 1327 ἐνεργητικὸν
1482 1274 1557 1314 καί

79 1327 182 1374 ἄλλο
221 1332 296 1388 τὴν
324 1335 539 1391 ἐνέργειαν
568 1339 642 1379 καί
681 1333 783 1379 ἄλλο
814 1338 859 1380 τὸ
893 1339 1117 1395 ἐνέργημα.
1178 1334 1267 1381 εἶτα
1318 1338 1555 1394 ἦρμὴνευεν

80 1398 161 1442 α’πό
191 1400 377 1456 γλώττης
417 1403 578 1458 αιῖτός,
613 1406 864 1461 ἐνεργοῦντα
897 1409 977 1460 μὲν
1015 1401 1124 1448 εἶναι
1156 1405 1230 1448 τὸν
1271 1403 1394 1458 θεόν,
1435 1408 1554 1461 ἐνερ-

81 1468 251 1524 γητικόν
292 1472 338 1513 δὲ
386 1470 463 1527 τῆν
517 1472 677 1530 φύσιν,
725 1475 937 1529 ἐνέργειαν
977 1474 1024 1515 δὲ
1061 1471 1137 1528 τήν
1177 1468 1372 1515 ἅκτιστον
1419 1473 1557 1515 αὐτοῦ

0 1537 69 1592 ἐ20
82 1535 278 1595 θεότητα,
309 1535 442 1595 ἄλλην
470 1536 604 1584 οὖσαν
638 1543 716 1583 τοῦ
746 1542 1016 1597 ἐνεργοῦντός
1046 1556 1088 1582 τε
1121 1542 1193 1583 καί
1224 1543 1443 1591 κινοῦντος
1471 1541 1555 1582 αὖ·

0 1596 1 1617 ³
81 1602 184 1659 τήν,
230 1604 438 1664 ἐνέργημα
482 1609 528 1650 δὲ
570 1606 615 1651 τὸ
661 1608 951 1662 α’ποτέλεσμα·
1026 1604 1133 1651 εἶναι
1169 1610 1207 1650 δ’
1235 1610 1448 1663 ἐνέργειαν
1487 1608 1560 1651 καί

81 1673 264 1728 ἐνεργεῖν
294 1679 341 1719 τὸ
375 1675 492 1719 αὐτό.
553 1676 626 1718 καί
654 1675 725 1718 ἐπὶ
752 1675 917 1726 τούτοις
948 1677 1093 1732 η’ρώτα
1115 1677 1163 1718 τί
1189 1673 1241 1718 ἂν
1269 1674 1334 1731 εἴη
1363 1674 1408 1718 τό
1431 1677 1553 1731 ἐνερ-

79 1747 167 1800 γεῖν
193 1742 393 1795 οἴεσθαι;
425 1739 454 1800 ἦ
484 1744 535 1786 οὐ
562 1743 711 1787 ταύτὸν
742 1745 800 1802 τῷ
839 1745 1142 1800 δημιουργεῖν;
1172 1739 1244 1799 ἆρ’
1272 1739 1349 1785 οὖν
1380 1743 1552 1787 κτιστὸν

82 1951 223 1987 firmare
246 1950 385 1994 vellet,
411 1949 631 1996 prolatorum
669 1954 957 1996 argumentorum
996 1948 1140 1984 illorum
1180 1954 1214 1983 et
1253 1947 1494 1983 cavillationis
1520 1950 1557 1984 in

85 2011 164 2035 eum
192 2000 326 2034 effusae
358 2005 506 2045 propter
533 2010 587 2042 ea,
614 2010 705 2044 quae
746 1998 908 2032 omnibus
942 1998 1153 2042 proposuit,
1194 1995 1326 2030 oblitus
1354 1995 1556 2040 celerrime,

83 2053 232 2093 propter
256 2047 413 2093 rigorem
440 2053 476 2082 et
511 2053 692 2092 torporem
733 2051 772 2079 ut
798 2046 939 2080 videtur
973 2046 1101 2087 animi,
1127 2045 1215 2078 alias
1242 2055 1363 2078 rursus
1388 2045 1556 2079 introdu-

87 2096 190 2131 cebat
215 2105 418 2131 sermonum
444 2096 599 2140 species,
627 2106 705 2129 cum
733 2094 880 2128 haberet
905 2094 1096 2127 incitantes
1123 2093 1192 2134 ibi,
1221 2092 1335 2137 qualis
1362 2093 1440 2137 ipse
1468 2099 1555 2134 erat,

85 2145 206 2178 socios
233 2144 275 2178 ad
301 2144 419 2178 omnia
445 2154 586 2187 semper
612 2143 761 2176 dicenda
779 2147 935 2186 paratos,
961 2151 1007 2174 ne
1034 2141 1064 2174 si
1091 2145 1227 2174 taceret
1249 2140 1433 2185 plerisque
1459 2141 1556 2174 vinci

0 2195 1 2198 ’
47 2231 49 2234 ,
85 2192 284 2235 videretur,
311 2192 371 2237 qui
397 2192 584 2226 victoriam
610 2190 830 2235 loquacitate
855 2189 933 2224 sola
958 2189 1164 2222 metiuntur.
1192 2188 1305 2221 audax
1328 2189 1421 2222 enim
1447 2188 1555 2231 igno..

85 2240 200 2274 tantia
226 2244 281 2274 est
306 2245 341 2274 et
367 2239 531 2284 profecto
558 2238 664 2272 valde
690 2238 898 2282 impudens:
929 2242 963 2270 et
990 2241 1082 2269 amat
1102 2235 1312 2280 plerumque
1339 2236 1556 2280 cognitionis

0 2315 1 2321 ,
85 2288 242 2332 inopiam
280 2288 472 2321 restituere
505 2287 676 2320 audaciae
717 2287 928 2319 accessione
956 2289 991 2318 et
1029 2285 1179 2317 maxime
1207 2294 1284 2317 cum
1310 2284 1346 2317 in
1372 2284 1555 2317 auditores

0 2343 1 2394 i
86 2335 250 2370 indoctos
274 2335 419 2369 incidit:
461 2345 539 2368 cum
573 2340 689 2368 autem
725 2335 828 2366 etiam
863 2343 977 2377 aeque
1011 2331 1162 2365 audaces
1199 2331 1331 2365 affatim
1361 2331 1556 2364 nonnullos

0 2395 1 2399 ¹
87 2382 194 2418 habet
219 2382 394 2426 adseclas,
421 2384 480 2428 qui
508 2382 723 2417 clamoribus
750 2386 899 2425 crepent
931 2380 1144 2413 indistinctis
1183 2384 1217 2413 et
1242 2384 1366 2413 contra
1390 2378 1556 2412 narrandi

86 2431 289 2465 ubertatem
319 2431 472 2464 fremant
498 2436 533 2465 et
558 2431 720 2465 veritatis
758 2439 914 2462 normam
945 2427 1182 2468 confundant,
1208 2436 1278 2472 quo
1303 2437 1375 2460 non
1401 2436 1556 2471 progre-

87 2479 202 2513 diatur
227 2478 416 2524 superbiae
442 2479 640 2523 periculum
656 2477 674 2511 ?
723 2478 832 2522 igitur
864 2476 968 2509 etiam
995 2475 1121 2509 librum
1151 2480 1338 2518 praeterea
1359 2474 1555 2508 revolvens

86 2525 246 2561 Palumas
272 2526 447 2561 recitabat
475 2526 620 2568 dictum,
650 2525 743 2570 quod
770 2525 838 2566 ait,
884 2523 980 2557 aliud
1009 2533 1088 2557 esse
1113 2523 1344 2565 efficientem,
1371 2521 1467 2556 aliud
1498 2521 1555 2555 ef.

87 2574 190 2619 ficax,
221 2579 257 2609 et
283 2574 380 2608 aliud
407 2574 650 2616 efficientiam,
678 2573 774 2607 aliud
803 2573 978 2605 effectum.
1029 2576 1101 2604 tum
1130 2571 1208 2614 ipse
1237 2581 1281 2604 ex
1306 2575 1467 2614 tempore
1495 2570 1556 2602 in..

87 2622 377 2666 terpretabatur,
415 2622 631 2656 efficientem
661 2631 740 2655 esse
767 2621 894 2662 deum,
934 2619 1062 2653 efficax
1096 2623 1281 2652 naturam:
1325 2618 1556 2651 efficientiam

87 2669 310 2704 divinitatem
337 2670 414 2703 eius
430 2670 631 2711 „increatam
657 2679 748 2714 quae
774 2668 843 2702 alia
873 2672 968 2701 esset
994 2672 1100 2711 atque
1122 2666 1282 2700 efficiens
1300 2676 1446 2711 eamque
1474 2674 1554 2698 mo-

85 2727 190 2760 vens,
217 2717 382 2751 effectum
406 2728 484 2752 esse
512 2718 784 2762 perfectionem.
836 2726 916 2749 esse
943 2719 1058 2748 autem
1086 2714 1317 2750 efficientiam
1345 2718 1380 2747 et
1409 2712 1555 2746 efficere

86 2775 194 2800 unum
220 2765 407 2810 idemque:
436 2771 471 2800 ct
495 2770 683 2810 praeterea
709 2763 915 2809 quaerebat,
945 2763 1027 2808 quid
1055 2767 1150 2797 esset
1175 2762 1366 2807 putandum
1395 2760 1554 2805 efficere,

207 2831 422 2878 Nicephorum
438 2831 584 2876 angor.
619 2830 692 2867 Vol.
711 2830 782 2866 111.
1260 2829 1306 2863 22
