1800 3132
203 135 269 187 44
334 186 341 191 „
605 145 900 190 NICEPHORI
944 144 1248 188 GREGORAE

205 255 278 295 καί
308 255 444 296 ταῦτα
482 254 561 306 μὲν
590 250 688 310 τῇδέ
720 269 774 310 πῃ
815 250 937 305 ἔσχεν
968 250 1058 293 ἐκεῖ
1081 253 1168 293 κατ’
1203 253 1356 311 ἐκεῖνον
1382 250 1457 295 τὸν
1481 250 1661 308 χρόνον·

203 316 295 373 ὅγε
337 317 425 374 μην
465 322 542 361 τοῦ
567 319 791 361 Βενετικοῦ
837 317 988 360 στόλου
1020 316 1256 379 ναύαρχος,
1297 319 1339 367 ἐς
1378 320 1502 362 τοῦτο
1529 317 1662 374 τύχης

204 385 466 439 ἐληλυθότων
512 386 624 441 αὐτῷ
666 387 747 426 τῶν
778 383 1032 439 πραγμάτων
1050 415 1062 437 ,
1090 384 1141 426 τά
1172 399 1216 426 τε
1244 383 1343 439 περὶ
1369 384 1446 439 τὴν
1474 381 1663 440 Εὔβοιαν

203 452 258 503 ὥς
289 451 386 508 ἐνῆν
416 451 674 511 διῳκήσατο,
717 453 788 493 καί
815 447 905 504 ἅμα
934 449 1134 512 πλήρεσιν
1169 448 1314 500 ἱστίοις
1343 450 1475 501 λύσας
1500 453 1544 505 ἐξ
1571 453 1663 495 Ev'-

201 519 322 570 βοιάς
350 517 517 573 ἀνήχθη
548 518 656 558 εὗθύ
689 519 929 571 Βυζαντίου
965 515 1210 570 ποιούμενος
1236 515 1309 571 τὴν
1338 521 1528 572 πορείαν.
1569 517 1662 560 ἐπεὶ
1672 528 1694 563 5

205 587 250 627 δὲ
277 584 436 637 μεταξὺ
467 583 684 639 γεγένηταί
709 582 747 625 οἱ
776 586 932 636 μαθεῖν
951 585 994 625 ὲν
1018 585 1301 642 Θεσσαλονίκῃ
1332 585 1562 640 διατρίβειν
1590 583 1661 627 τὸν

203 654 398 704 βασιλέα,
427 653 635 704 τέσσαρας
677 652 760 691 ταῖν
788 651 890 691 νεαῖν
930 650 1232 703 α’πολεξάμενος
1270 653 1342 693 καί
1367 653 1449 694 τῶν
1476 648 1664 705 μάλιστά

165 725 169 728 ’
206 717 244 759 οἱ
274 717 530 760 πιστοτάτων
561 714 629 758 ἔνι’
654 716 896 770 παραδούς,
923 715 1233 770 πρεσβεύσοντα
1266 720 1418 771 πέμπει
1444 716 1549 773 πρός
1577 721 1662 772 βα-

142 783 145 786 ’
201 786 320 825 σιλέα
361 784 461 839 περὶ
496 783 746 837 συμμαχίας
780 782 882 825 κατὰ
922 786 1004 825 τῶν
1030 787 1183 825 ,κοινῶν
1225 786 1408 839 ἐχθρῶν.
1468 783 1597 834 αὖτὸς
1624 786 1661 826 δ’

202 851 244 898 ἐς
265 850 501 901 Βυζάντιον
533 845 701 904 ἤλαυνε,
729 850 998 906 καρτερήσων
1025 849 1099 906 τὴν
1124 853 1199 892 τοῦ
1229 853 1436 904 βασιλέως
1465 845 1627 909 ἄφιξιν.
1676 867 1719 902 10

116 926 188 959 19
336 915 475 965 Αὐτὸς
502 918 558 958 ’δ’
597 914 648 958 ἂν
696 917 848 972 εἰδείης
886 918 1050 970 βέλτιον
1093 919 1199 969 ἐμοῦ
1237 916 1287 958 τοὶ
1317 913 1588 973 ἑξῆς,·αυ’τός
1618 933 1662 960 τε

202 980 347 1037 παρών
386 987 615 1037 γινομένοις
660 987 733 1026 καί
762 987 952 1037 βλέπων,
981 985 1054 1025 καί
1081 983 1251 1039 σφόδρα
1294 984 1364 1026 διὰ
1392 985 1580 1040 σπουδῆς
1607 983 1659 1027 τοὶ

202 1051 380 1092 τοιαῦτα
420 1049 680 1106 συγγράφειν
710 1049 832 1104 ἐγὼν.
906 1049 984 1105 ἐγώ
1014 1049 1095 1104 γὰρ
1127 1050 1224 1100 τούς
1273 1052 1316 1092 ἐν
1344 1051 1530 1109 θαλάττῃ
1559 1053 1663 1101 τέως

204 1113 353 1164 δεδιώς
381 1116 604 1171 ζθορύβους
648 1117 752 1159 κατὰ
799 1118 949 1171 χώραν
983 1119 1126 1170 μένειν
1162 1115 1302 1172 ἔκρινα
1330 1119 1418 1159 δεῖν
1447 1115 1492 1159 ἐν
1519 1119 1664 1176 καιρῷ,
1759 1149 1779 1163 ,

203 1179 272 1224 ὅτε
302 1181 353 1237 δὴ
401 1182 474 1224 καί
500 1182 572 1232 τὰς
602 1183 896 1232 Γεννουιτικάς
931 1185 1089 1232 ἐκείνας
1130 1187 1338 1237 τέσσαρας
1365 1184 1550 1240 τριήρεις
1579 1201 1664 1227 πα-
1678 1198 1720 1234 15

203 1248 511 1304 λινδρομούσας
542 1250 799 1306 ἐθεασάμην,
827 1249 876 1291 αἳ
900 1251 1122 1307 διαφυγεῖν
1150 1249 1430 1306 ἐδυνήθησαν,
1458 1248 1514 1300 ὥς
1542 1252 1663 1306 εἰρή-

205 1330 359 1367 κειμεν,
391 1314 468 1370 τὴν
498 1314 578 1369 πρὸ
619 1318 801 1370 βραχέος
827 1311 989 1357 ι’ἐκεῖνον
1029 1316 1245 1369 κίνδυνον,
1274 1319 1377 1369 μιάν
1406 1331 1449 1358 τε
1478 1315 1583 1359 κατὰ
1614 1315 1661 1360 τό

204 1380 381 1436 λεληθὸς
410 1384 492 1423 τῶν
520 1380 722 1437 παράλων
752 1379 932 1431 ἓλούσας
974 1379 1286 1437 πλουσιωτάτην
1316 1381 1501 1436 Ειῖβοιάς
1530 1382 1663 1440 πόλιν,

204 1450 276 1489 καί
303 1449 790 1503 ἐξανδραποδισαμένους
821 1451 866 1490 ὲκ
897 1451 970 1491 τοῦ
991 1451 1226 1505 αἰφνιδίου,
1258 1451 1664 1504 και“α’πεληλυθυίας

203 1513 337 1563 εὐθὺς
374 1517 469 1567 μεθ’
516 1509 575 1556 ὧν
616 1513 838 1557 ἀπώλεσαν
873 1514 1073 1571 πρότερον
1113 1517 1396 1569 στρατιωτῶν,
1423 1514 1482 1569 μή
1515 1530 1719 1571 novat-20

206 1582 392 1623 σθέσθαι
441 1583 704 1637 δυνηθέντων
742 1584 824 1624 τῶν
868 1583 1092 1636 Εὐβοέων,
1138 1583 1243 1623 α’λλοὶ
1286 1580 1356 1624 τὸν
1392 1583 1660 1636 Ἐνδυμίωνος

204 1648 302 1694 τέως
339 1647 471 1689 εἰπεῖν
518 1647 817 1691 καθευδόντων
856 1645 983 1691 ὕπνον
1023 1648 1092 1691 διά
1134 1664 1180 1703 γε
1222 1647 1267 1691 τὸ
1311 1646 1487 1703 ἔναγχος
1528 1650 1660 1691 ἐκεῖνο

203 1715 463 1769 προτέρημα.

204 1880 275 1904 non
303 1875 469 1906 conserta
492 1882 609 1917 neque
634 1883 751 1917 pugna
787 1874 1130 1908 navalicommissa.
1183 1880 1218 1908 et
1244 1875 1331 1908 haec
1357 1875 1497 1920 quidem
1522 1884 1581 1909 res
1605 1874 1657 1909 sic

205 1928 244 1952 se
271 1918 348 1951 fere
374 1917 439 1951 illo
470 1924 628 1963 tempore
655 1920 816 1953 habebat.
868 1921 1069 1964 praefectus
1095 1926 1209 1955 autem
1237 1921 1360 1955 classis
1375 1921 1531 1955 Venetae
1555 1926 1657 1965 post-

205 1974 350 2008 eaquam
376 1970 446 1998 tam
482 1976 654 2010 prospere
687 1978 744 2000 res
782 1968 1008 2010 ceciderunt,
1037 1968 1203 2002 Euboeae
1238 1967 1455 2010 rationibus,
1489 1973 1656 2013 quantum

202 2012 352 2045 maxime
378 2012 455 2045 fieri
481 2015 607 2056 potuit,
634 2015 816 2056 ordinatis,
846 2015 995 2048 navibus
1023 2015 1147 2048 solutis
1174 2015 1267 2048 velis
1295 2015 1412 2059 pienis
1445 2015 1526 2049 inde
1560 2020 1658 2048 recta

203 2058 413 2101 Byzantium
439 2070 563 2093 versus
590 2072 727 2094 cursum
756 2062 917 2094 intendit.
967 2063 1105 2095 interea
1132 2071 1218 2095 vero
1247 2063 1378 2095 certior
1400 2062 1512 2096 factus
1537 2061 1657 2105 Impe-

203 2111 355 2139 ratorem
366 2105 638 2141 Thessalonicae
659 2109 877 2150 commorari,
906 2114 1070 2152 quattuor
1095 2109 1205 2153 elegit
1229 2120 1270 2142 ex
1285 2109 1357 2142 suis
1383 2109 1546 2150 navibus,
1574 2109 1657 2154 qui-

202 2152 266 2185 bus
293 2162 398 2185 unum
425 2164 469 2186 ex
496 2154 710 2188 fidelissimis
737 2155 802 2189 sibi
829 2156 1003 2198 praefecit
1017 2161 1051 2189 et
1076 2156 1119 2189 ad
1138 2156 1387 2199 Imperatorem
1414 2157 1457 2189 de
1483 2156 1657 2189 societate

203 2204 326 2232 contra
352 2199 472 2233 hostes
490 2211 690 2235 communes
717 2203 894 2247 iungenda
911 2208 1066 2236 acturum
1088 2203 1192 2236 misit.
1219 2204 1296 2246 ipse
1319 2208 1434 2235 autem
1449 2203 1657 2246 Byzantium

204 2256 341 2279 cursum
369 2247 525 2290 direxit,
548 2249 772 2293 Imperatoris
798 2250 984 2283 adventum
1007 2250 1055 2283 ibi
1081 2250 1370 2293 praestolaturus.

295 2303 343 2337 Tu
357 2314 444 2338 vero
458 2306 525 2338 iam
542 2317 581 2340 ea
598 2316 687 2351 quae
715 2308 874 2340 insecuta
887 2313 979 2349 sunt,
997 2308 1169 2352 quomodo
1186 2318 1265 2341 sese
1279 2307 1443 2349 habeant,
1458 2317 1514 2340 me
1531 2306 1657 2340 melius

204 2352 417 2395 cognovisti,
431 2358 468 2385 ut
486 2354 545 2398 qui
560 2355 636 2397 ipse
653 2354 758 2387 rebus
773 2355 940 2396 adfueris,
960 2355 1037 2398 ipse
1049 2355 1179 2388 videris
1199 2365 1327 2398 easque
1343 2354 1569 2387 conscribere
1582 2364 1658 2387 ma-

203 2398 384 2441 ximopere
403 2401 557 2434 studeas.
586 2411 653 2445 ego
675 2411 760 2434 vero
777 2401 958 2443 tumultus,
986 2402 1044 2446 qui
1063 2412 1158 2434 mare
1175 2401 1471 2445 pervagabantur,
1497 2405 1657 2435 metuens

202 2446 237 2477 in
265 2444 344 2477 loco
372 2446 456 2479 mihi
481 2449 689 2481 manendum
718 2459 796 2481 esse
813 2449 970 2490 decrevi,
996 2459 1099 2492 quum
1123 2449 1330 2491 praesertim
1355 2458 1466 2481 naves
1493 2452 1658 2492 quattuor

202 2492 286 2525 istas
299 2492 517 2536 Genuenses,
547 2505 632 2538 quas
659 2496 854 2539 periculum
881 2496 986 2538 paulo
998 2501 1078 2528 ante
1105 2495 1352 2539 subterfugere
1378 2495 1537 2537 potuisse
1561 2494 1656 2527 dixi-

202 2548 290 2579 mus,
317 2549 503 2573 recurrere
531 2548 565 2576 et
592 2541 679 2575 clam
708 2553 777 2575 una
804 2553 847 2575 ex
873 2542 1153 2585 opulentissimis
1167 2541 1333 2575 Euboeae
1347 2541 1491 2574 urbibus
1506 2540 1547 2573 ad
1560 2550 1655 2574 mare

203 2585 279 2617 sitis
306 2591 407 2629 capta
433 2592 537 2632 atque
565 2595 712 2632 repente
738 2591 873 2632 direpta
900 2600 976 2621 cum
1003 2589 1185 2629 militibus,
1213 2597 1300 2632 quos
1324 2593 1427 2621 antea
1452 2587 1654 2628 amiserant,

205 2641 326 2664 rursus
354 2632 452 2666 abire
467 2636 637 2677 viderem,
652 2636 919 2669 Euboeensibus
934 2645 1003 2668 non
1025 2635 1095 2668 tale
1122 2636 1204 2679 quid
1231 2634 1564 2678 praesentientibus,
1593 2633 1655 2667 sed

201 2677 431 2758 Epdymionis
458 2691 627 2725 somnum,
652 2688 689 2716 ut
713 2684 831 2724 aiunt,
861 2682 904 2715 ob
932 2687 1108 2715 recentem
1136 2682 1231 2715 illam
1260 2682 1442 2715 victoriam
1467 2681 1653 2715 dormien-

202 2725 229 2761 ti
256 2735 309 2760 us.
