1786 3138
280 129 379 181 456
684 142 982 186 NICEPHORI
1027 141 1256 188 GREGOR
1262 142 1333 188 ΔΕ
1385 162 1387 165 ·

280 248 511 304 ἐπιστήμην
550 249 653 306 μήτε
695 249 819 292 θείαν
862 248 955 304 μήτ”
1003 249 1299 306 ἀνθρωπίνην,
1344 239 1448 309 μήτε
1477 251 1598 310 λόγον
1623 251 1737 308 ἔχειν

281 314 430 358 οὐδένα
462 317 595 372 λέγειν
621 335 662 359 τι
688 318 769 359 τῶν
797 313 926 359 ὄντων
967 315 1159 361 οἷνοῦσιον
1188 317 1352 375 ὅρα-τόν.
1418 319 1554 364 καίτοι
1582 321 1758 372 ἐκεῖνος·

278 387 356 441 μὲν
383 383 546 427 κτιστὸν
575 384 705 439 λέγων
743 383 842 425 θεὸν
883 381 997 438 ὅμως
1045 383 1198 440 ὅρατὸν
1238 384 1322 431 οὐκΔ
1346 387 1530 443 ἐδυνήθη
1560 402 1733 444 προσει-

279 458 394 495 πεῖν·
465 450 693 507 ὑπέρτερον
726 448 807 506 γὰρ
848 452 931 492 τῶν
967 451 1191 506 ἅγγελικῶν
1238 452 1390 494 οὖσιῶν
1419 453 1731 511 οἷποφηναμένῳ

279 520 326 561 οὗ
356 519 468 573 μέντ’
503 515 552 559 ἂν
578 517 693 573 αὐτῷ
724 515 901 559 δυνατὸν
940 516 1082 559 ἔπειτα
1117 514 1181 573 ἦν,
1223 518 1416 573 ἀοράτων
1453 519 1620 563 ἐκείνων
1659 517 1766 581 οὖ-»5

277 588 375 636 σῶν,
407 583 560 640 ὁρατὸν
589 582 730 624 αὐτὸν,
754 582 1006 639 δογματίσαι
1024 602 1033 611 ·
1103 586 1323 639 Παλαμᾶς
1362 585 1407 628 δὲ
1432 585 1506 642 καί
1534 586 1730 642 συλλογί-

275 654 440 695 σασθαι
466 649 687 705 τετόλμηκε
716 649 768 691 τὰ
797 650 1091 706 ἀσυλλόγιστα,
1109 651 1193 693 ,καὶ
1237 652 1481 708 ἑξηρεύξατο
1509 651 1562 694 τὰ
1593 651 1729 708 ἀσύμ-

271 718 404 774 βλητα
433 733 476 758 τε
503 716 575 758 καί
603 714 661 767 ὥς
693 716 847 759 ἐπίπαν
889 716 1138 773 ἀσύμφωνα,
1181 717 1229 759 οὗ
1260 717 1367 760 κατὰ
1396 719 1610 776 ποιητικήν
1636 735 1729 763 τινα

272 787 353 826 τῶν
383 783 573 840 θύραθεν
618 781 792 834 ἄδειαν,
839 783 946 825 ἀλλὰ
982 783 1089 826 κατὰ
1121 784 1429 840 ἀνεπιστήμονα
1467 783 1728 841 Παλαμικὴν

273 850 530 892 αὐθάδειαν·
589 846 681 891 οὔτε
709 849 790 906 γὰρ
825 848 963 893 οὐδενὶ
988 853 1070 893 τῶν
1099 851 1291 908 θύραθεν
1310 854 1455 908 σοφῶν
1484 851 1638 895 πώποτ’
1669 852 1761 903 εἶςι

270 919 367 960 νοῦν
393 917 562 972 τοιαύτη
590 934 651 967 τις
678 916 840 973 ἠνέχθη
858 918 1063 974 τερατεία,
1095 915 1186 961 οὔτε
1206 917 1290 974 μήν
1319 920 1553 976 βαρβάρων
1583 917 1726 980 ἔψαυ-

271 984 319 1026 σέ
346 1000 454 1034 τινος
483 983 684 1039 λογισμοῦ
714 984 935 1040 τηλικαύτη
964 986 1107 1041 μωρία
1132 985 1264 1041 μέχρι
1294 985 1368 1027 καί
1390 985 1583 1041 τήμερον.
1639 985 1725 1027 λεί-

270 1066 392 1098 πεται
422 1046 493 1091 οὖν
519 1050 724 1091 ἐνταυθοῖ
759 1050 992 1106 γενομένοις
1029 1052 1101 1094 καί
1131 1051 1232 1107 ἡμῖν
1243 1083 1254 1102 ,
1293 1053 1437 1109 σιωπῇ
1474 1049 1526 1094 τὰ
1554 1052 1726 1095 τοιαῦτα

268 1116 606 1170 βδελυξαμένοις,
636 1115 763 1171 ἀκοὴν
799 1119 1098 1174 παραδραμεῖν
1128 1118 1320 1174 μανιώδη
1359 1118 1432 1162 καί
1476 1117 1726 1172 δυσσεβείας

267 1181 434 1238 μεστήν.
1741 1200 1759 1234 1

182 1253 254 1285 82
379 1249 498 1305 Περὶ
515 1250 593 1303 μὲν
612 1245 686 1291 οὖν
713 1250 787 1291 τοῦ
803 1247 867 1292 ὅτι
890 1253 981 1307 φῶς
997 1252 1042 1294 ἓν
1062 1248 1250 1294 ἄκτιστόν
1275 1253 1389 1294 ἔστιν
1403 1249 1431 1308 ἦ
1447 1251 1526 1305 μία
1552 1251 1626 1295 καί
1638 1269 1725 1306 μα-

266 1315 395 1371 καριά
414 1315 486 1358 καὶ
509 1314 700 1372 ποιητικὴ
721 1318 803 1358 τῶν
827 1321 915 1371 μετ’
944 1316 1071 1373 αὐτὴν
1099 1317 1295 1361 ἁπάντων
1317 1318 1465 1374 θεότης
1480 1316 1508 1374 ἦ
1521 1317 1724 1374 τρισυπό-
1765 1350 1771 1354 -

267 1399 426 1434 στατος,
456 1380 506 1438 ἢν
529 1382 666 1434 οὐδεὶς
685 1381 767 1425 οὔτ’
786 1380 894 1426 εἶδεν
915 1381 998 1426 οὔτ’
1018 1385 1123 1427 ἰδεῖν
1145 1385 1330 1436 δύναται,
1346 1384 1397 1427 τὰ
1417 1386 1473 1431 ,δὲ
1490 1389 1579 1439 μετ’
1597 1383 1725 1440 αὖτὴν

269 1449 404 1491 πάντα
429 1450 585 1500 κτιστοί,
611 1451 685 1493 καί
711 1448 776 1493 ὅτι
802 1448 932 1507 ὁρατή
949 1452 1027 1506 μὲν
1046 1452 1280 1508 θεοφάνεια
1300 1451 1463 1508 λέγεται
1482 1453 1570 1503 τοῖς
1589 1449 1724 1507 ἁγίοις

104 1514 292 1570 f.240a.⁷‘7'
326 1531 369 1557 τε
399 1515 506 1572 σὰρξ
535 1517 608 1558 τοῦ
635 1518 786 1573 κυρίου
814 1517 886 1559 καί
911 1515 957 1559 τὸ
986 1519 1030 1560 ἐν
1058 1520 1118 1576 τῷ
1140 1519 1352 1576 Θαβωρίῳ
1382 1518 1516 1561 πάλαι
1543 1520 1604 1577 τῷ
1632 1513 1758 1572 ὅρειη

264 1582 541 1638 περιλάμψαν
562 1581 606 1625 τὸ
624 1585 697 1625 τοῦ
722 1584 872 1640 κυρίου
891 1584 1119 1640 πρόσωπον
1136 1586 1238 1641 φῶς,
1257 1584 1304 1626 οὐ
1319 1584 1403 1640 μὴν
1421 1578 1608 1627 ἄκτιστοι
1622 1584 1722 1627 θεό-

261 1662 388 1702 τητες,
416 1648 489 1690 καί
523 1646 586 1691 ὅτι
616 1651 668 1691 δι’
700 1649 837 1692 αὐτῶν
864 1650 1130 1707 παρεδείχθη
1161 1651 1239 1706 μὲν
1267 1650 1344 1693 οὐκ
1376 1651 1552 1708 ἐδείχθη
1583 1653 1621 1694 δ’
1649 1647 1722 1694 οὖν

263 1875 438 1921 puerilem
472 1877 646 1912 inscitiam
684 1882 723 1912 ut
756 1878 1063 1919 insubstantialem
1100 1879 1279 1914 visibilem
1313 1880 1504 1915 nominarit
1538 1881 1718 1927 deitatem.

261 1934 378 1968 neque
423 1925 515 1958 enim
536 1935 634 1959 ·esse
667 1925 711 1959 ad
744 1925 966 1970 disciplinam
997 1937 1066 1960 nec
1097 1927 1250 1962 divinam
1286 1938 1404 1973 neque
1438 1926 1622 1964 humanam
1649 1941 1718 1964 nec

261 1981 401 2004 causam
429 1981 508 2005 esse
533 1971 641 2006 ullam
668 1983 730 2006 cur
756 1972 891 2018 aliquid
918 1983 962 2007 ex
986 1974 1030 2007 iis
1056 1984 1146 2019 quae
1171 1979 1253 2008 sunt
1277 1975 1546 2010 insubstantiale
1573 1977 1717 2012 visibile

259 2018 470 2052 nominaret.
502 2023 536 2052 et
562 2020 721 2063 quamvis
739 2019 805 2053 ille
831 2026 985 2054 creatum
1012 2021 1146 2055 diceret
1170 2021 1284 2064 deum,
1310 2027 1426 2057 tamen
1443 2023 1620 2057 visibilem
1643 2034 1715 2058 non

260 2070 400 2108 poterat
426 2066 567 2099 addere.
594 2068 814 2110 superiorem
842 2068 934 2101 enim
961 2067 1133 2112 angelicis
1159 2069 1322 2102 essentiis
1356 2079 1460 2113 quum
1486 2069 1714 2114 declarasset,

258 2111 359 2145 nullo
385 2117 482 2145 certe
508 2113 636 2155 modo,
661 2124 765 2158 quum
799 2114 885 2148 illae
922 2114 1124 2149 invisibiles
1164 2116 1235 2149 sint
1262 2126 1339 2148 eum
1367 2115 1545 2150 visibilem
1571 2117 1712 2152 docere.

259 2158 417 2192 Palamas
456 2166 718 2204 argumentatus
758 2166 812 2195 est
842 2162 885 2195 de
926 2162 970 2196 iis
1000 2172 1090 2206 quae
1124 2162 1167 2195 ab
1203 2163 1419 2207 argumentis
1454 2163 1646 2200 abhorrent
1679 2170 1714 2199 et

260 2206 436 2239 eruetavit
461 2206 610 2240 obscura
640 2213 674 2241 et
702 2208 844 2251 inepta,
869 2218 941 2242 non
964 2209 1007 2242 ad
1035 2210 1209 2253 poeticam
1237 2209 1406 2254 quandam
1432 2210 1625 2254 licentiam,
1650 2213 1714 2247 sed

258 2253 300 2286 ad
325 2253 520 2296 imperitam
546 2253 708 2288 Palamae
734 2256 977 2289 temeritatem.
1003 2257 1135 2290 nemini
1163 2257 1254 2290 enim
1282 2257 1506 2300 profanorum
1532 2258 1712 2293 doctorum

258 2310 410 2343 unquam
448 2301 483 2333 in
523 2307 674 2335 mentem
714 2303 814 2336 venit
852 2302 933 2336 talis
976 2303 1166 2337 ostentatio
1208 2313 1324 2348 neque
1361 2305 1452 2347 apud
1485 2305 1712 2340 barbarorum

260 2357 465 2391 quamquam
496 2348 577 2381 talis
606 2350 872 2393 argumentandi
898 2350 1043 2383 inventa
1070 2355 1123 2384 est
1147 2360 1259 2395 usque
1284 2350 1325 2383 ad
1355 2350 1448 2385 hunc
1473 2353 1577 2387 diem.

388 2404 512 2438 Restat
536 2405 670 2449 igitur,
697 2411 735 2439 ut
758 2416 823 2440 nos
850 2407 910 2451 qni
942 2407 1010 2440 huc
1043 2408 1267 2451 pervenimus
1293 2406 1438 2441 silentio
1463 2408 1549 2442 talia
1573 2409 1711 2444 abomi-

258 2461 381 2484 nemur
404 2456 439 2483 et
464 2453 660 2485 orationem
686 2458 903 2487 transcamus
929 2455 1086 2488 insanam
1116 2459 1150 2488 et
1178 2455 1368 2498 impietatis
1394 2455 1534 2499 plenam
1595 2456 1711 2491 lucem

256 2498 367 2541 igitur
392 2509 494 2531 unam
521 2499 618 2532 illam
652 2500 843 2534 increatam
879 2511 958 2534 esse
992 2501 1129 2535 beatam
1164 2507 1199 2535 et
1224 2506 1419 2535 ceterarum
1445 2503 1597 2537 omnium
1623 2514 1711 2548 pro-

258 2545 465 2578 creatricem
491 2546 656 2579 deitatem
682 2547 792 2581 tribus
833 2549 995 2592 personis
1025 2553 1241 2582 constantem
1272 2559 1372 2593 quam
1406 2559 1510 2583 nemo
1536 2550 1625 2584 vidit
1642 2561 1710 2584 nec

257 2593 413 2635 potuerit
437 2593 572 2626 videre.
624 2599 742 2627 cetera
766 2600 882 2628 autem
915 2600 1057 2638 praeter
1093 2595 1189 2629 illam
1217 2606 1295 2629 esse
1329 2601 1445 2630 creata
1472 2602 1507 2630 et
1531 2597 1709 2631 visibilem

258 2648 336 2671 esse
361 2639 681 2673 manifestationem
708 2637 882 2675 nominari
910 2652 929 2675 a
955 2642 1086 2675 sanctis
1109 2652 1270 2684 carnem,
1297 2642 1483 2688 lucemque
1511 2654 1602 2688 quae
1625 2643 1708 2677 olim

252 2685 293 2716 in
321 2690 438 2718 monte
464 2686 601 2720 Thabor
626 2687 756 2720 domini
783 2689 908 2721 facicm
943 2689 1182 2731 circumdedit,
1210 2694 1307 2722 certe
1332 2699 1404 2723 non
1428 2692 1603 2724 increatas
1629 2690 1708 2724 dei-

257 2735 369 2774 tates,
411 2737 446 2765 et
481 2733 667 2768 indicatam
695 2735 741 2771 iis
770 2745 873 2778 esse,
899 2745 970 2770 non
995 2736 1250 2770 manifestatam
1274 2736 1414 2770 unicam
1438 2737 1535 2772 illam
1563 2738 1705 2772 increa-
