1826 3120
50 0 101 117 ξ
256 76 586 158 ’ωποιιιΑΕ
623 96 1402 155 BYzANTlNAExX1X..24—27.
1516 101 1611 154 241

275 222 424 263 Ταῦτα
452 219 525 262 καί
552 221 684 262 πλείω
716 217 821 273 πρὸς
845 216 1008 268 τούτοις
1046 217 1167 271 ἕτερα
1209 215 1402 258 ὕπειπών
1431 213 1454 258 ὅ
1489 217 1616 268 καλός
1629 240 1706 276 2⁰

139 281 622 345 Ἀγαθοίγγελοςχῷχετο
665 284 806 328 α’πιαὶν
848 284 947 340 περί
986 286 1141 337 μέσας.
1170 299 1252 325 που
1278 282 1454 337 νύκτας,
1485 280 1616 336 αὖθις

138 352 238 404 τούς
267 352 497 410 ἡμετέρους
529 354 709 410 δημίους
739 353 897 395 λαθών
910 355 984 395 καί
1010 352 1111 401 τούς
1144 350 1373 408 θηριώδεις
1403 349 1614 408 φύλακας,

137 414 268 474 μόνον
295 422 371 475 ἐμὲ
401 419 715 469 καταλελοιπώς
747 423 799 477 τῇ
841 420 965 478 στενῇ
995 417 1067 461 καί
1095 419 1211 476 δεινῇ
1249 419 1449 474 συνήθως
1479 420 1613 477 ἐκείνῃ

45 519 68 539 n
101 489 278 547 5διαι’τῃ
304 487 543 544 χρώμενον.
1074 512 1084 528 ι

263 553 395 610 'Apu
423 557 471 598 δὲ
495 557 574 598 τοῦ
614 557 695 608 μὲν
740 555 1019 612 ἐφεστηκότος
1062 554 1265 609 λήξαντος
1302 552 1434 607 ἔτους,
1462 555 1538 596 τοῦ
1566 554 1612 596 δὲ

134 619 229 680 ἑξῆς
260 622 600 679 ένδημήσαντος,
629 620 678 665 τά
717 621 942 675 Ῥωμαίων
986 620 1123 664 ἐνόσει
1167 622 1241 664 τοῦ
1270 619 1470 672 εἰωθότος
1513 619 1619 665 ἕπε’-

134 706 251 741 newa
280 687 512 745 πράγματα
554 687 626 732 διά
655 705 699 732 τε
732 688 822 744 ’τήν
863 690 1070 731 εἰωθυῖαν
1099 691 1286 743 Περσῶν
1328 687 1613 745 ἐπικράτειαν,

135 757 189 812 ἢν
226 752 308 814 ἤδη
348 757 706 812 Καντακουζηνοῦ
737 753 1011 809 προδιδόντος
1052 749 1155 809 ἄχρι
1187 758 1333 798 πυλῶν
1376 755 1612 810 ἐσχήκεσαν

78 840 122 876 10
138 824 397 877 Βυζαντίων,
427 822 484 874 ὥς
514 825 685 873 οἰκείοις
728 825 830 872 τέως
858 822 1078 877 χρώμενοί
1103 839 1149 865 τε
1187 823 1260 865 καί
1289 822 1610 878 καταχρώμενοι

111 889 192 946 ,μή
224 892 469 946 πράγμασιν
498 886 631 933 ἅπασι
660 892 815 945 μόνον,
857 888 963 932 dna·
1008 890 1080 933 καί
1121 897 1325 945 γυναῖκας
1355 894 1426 934 καί
1453 893 1611 942 παῖδας

131 950 341 1013 ἆνδράσιν
367 957 478 1019 ὁμοῦ
509 957 615 1013 πρός
644 962 729 1000 πᾶν
757 957 803 1000 τὸ
845 955 1104 1012 βουλόμενον
1147 954 1318 1013 ἄγοντές
1349 975 1394 1000 τε
1424 959 1498 1001 καί
1531 961 1610 1016 φέ-

130 1039 287 1079 ροντες,
322 1025 400 1067 οὐκ
432 1023 513 1077 ἔξω
545 1025 707 1068 πόλεων
735 1025 792 1075 ὥς
837 1024 937 1079 πρίν
978 1028 1245 1079 περιθέοντές
1278 1042 1322 1069 τε
1368 1025 1439 1067 καί
1467 1043 1624 1085 παρα-ι

133 1094 315 1146 θέοντες,
344 1090 436 1135 ἄλλ’
464 1093 588 1136 ένδὸν
620 1090 699 1150 ἤδη
735 1091 978 1146 ποιούμενοι
1018 1092 1118 1143 τούς
1161 1094 1484 1150 συνοικισμούς,
1514 1097 1612 1136 καθ’

17 1181 18 1187 ¹
76 1158 288 1213 1515710'002·
321 1159 394 1203 καί
420 1155 507 1204 οἷον
537 1160 608 1203 καί
650 1156 759 1203 ὅπου
810 1162 882 1202 καί
923 1158 994 1203 ὅτε
1031 1159 1076 1203 τό
1106 1163 1179 1216 τῆς
1220 1163 1365 1216 ψυχῆς
1394 1160 1611 1215 ὀρεκτικόν

131 1226 352 1271 ὑπετίθετο
380 1230 530 1285 σφίσιν
561 1228 908 1284 ἐπιτροπεύοντες
930 1227 1003 1270 καί
1021 1230 1281 1277 δεσποτικῶς
1314 1227 1611 1279 ἐπιτάττοντες.

253 1290 368 1352 Ἤδη
405 1297 451 1338 δὲ
494 1299 573 1339 τοῦ
603 1297 885 1352 φθινοπώρου
919 1295 1145 1352 λήγοντος,
1176 1298 1280 1351 περί
1303 1312 1384 1338 που
1413 1295 1465 1339 τά
1497 1299 1609 1351 μέσα
1624 1319 1696 1356 22

128 1364 228 1415 μιᾶς
256 1365 339 1405 τῶν
369 1366 532 1406 νυκτῶν
554 1362 661 1419 ἄκοή
683 1380 748 1413 τις
771 1365 986 1421 αἰφνίδιος
1015 1363 1059 1406 τὸ
1084 1364 1322 1416 Βυζάντιον
1353 1360 1610 1420 περιήχησεν

131 1427 261 1485 ἅπαν,
293 1426 403 1473 εἶναι
439 1432 606 1487 τείχους
650 1431 769 1489 ἐντός
818 1434 999 1486 βασιλέα
1049 1431 1351 1487 Παλαιολόγον
1395 1430 1468 1474 τὸν
1500 1435 1607 1487 νέον,

71 1499 381 1553 20ουμμαχιάς
433 1499 570 1555 πάσης
606 1498 853 1555 ἀλλοφύλου
894 1501 1027 1554 χωρίς
1065 1496 1298 1556 ἀφιγμένον
1342 1506 1532 1554 τριταῖον
1562 1503 1608 1543 ἐκ

137 1566 316 1608 Τενέδου
348 1569 423 1621 τῆς
453 1565 600 1622 νήσου,
628 1566 810 1622 μηδενὸς
840 1568 1100 1620 αἰσθομένου
1130 1566 1200 1608 τόν
1228 1565 1454 1620 εἴσπλουν,
1485 1569 1609 1624 μεγί-

129 1648 252 1682 σταις
294 1635 374 1687 μὲν
413 1634 605 1690 τριήρεσι
651 1636 799 1688 δυοῖν,
840 1633 1045 1689 μονήρεσι
1086 1637 1125 1676 δ’
1165 1631 1387 1677 ἑκκαίδεκα
1431 1634 1502 1677 δια
1534 1637 1609 1678 τοῦ

91 1718 93 1720 ·
129 1698 234 1756 πρός
259 1700 315 1743 ἓω
347 1704 515 1756 λιμένος
544 1704 619 1745 καί
644 1701 824 1758 νεωρίου
855 1701 1149 1756 εἷσελοὶσαντα,
1180 1695 1239 1745 ὧν
1260 1702 1310 1744 αἳ
1334 1703 1418 1756 μὲν
1438 1701 1607 1746 οἴκοθεν

262 1859 452 1906 Postquam
497 1860 588 1895 haec
623 1866 659 1895 et
691 1866 835 1906 praeter
858 1860 948 1895 haec
986 1860 1088 1906 plura
1124 1861 1235 1904 dixit,
1262 1862 1430 1896 discessit
1453 1861 1606 1906 pulcher

128 1906 400 1954 Agathnngelus
434 1909 550 1943 media
591 1909 668 1943 fere
692 1915 820 1951 nocte,
858 1909 988 1943 fallens
1023 1910 1150 1944 iterum
1173 1909 1316 1953 judices
1353 1916 1496 1944 nostros
1522 1921 1606 1944 sae-

129 1965 268 2001 vosque
295 1957 483 1998 custodem
518 1967 574 1991 me
602 1957 717 1991 solum
743 1957 974 2003 relinquens,
1012 1958 1072 2003 qui
1098 1963 1248 2003 angusta
1289 1963 1324 1992 et
1349 1958 1502 1992 terribili
1531 1959 1604 1993 vita

127 2008 168 2037 ut
191 2014 333 2049 semper
357 2009 490 2039 uterer.

262 2068 375 2112 Quum
402 2075 519 2104 autem
546 2076 771 2115 praesentem
807 2080 935 2104 annum
972 2070 1173 2114 excipiebat
1197 2071 1415 2115 insequens,
1444 2081 1502 2104 res
1528 2071 1605 2105 Ro..

127 2126 309 2151 manorum
336 2117 431 2151 ultra
457 2119 748 2152 consuetudinem
775 2118 1008 2163 aegrotabant
1035 2124 1069 2151 et
1102 2123 1247 2162 propter
1280 2124 1487 2152 consuetum
1516 2118 1606 2152 Per..

127 2173 243 2198 sarum
269 2165 477 2210 imperium,
507 2166 601 2210 quod
632 2167 700 2199 iam
727 2176 792 2210 per
822 2165 1107 2201 Cantacuzenum
1143 2166 1360 2209 proditorem
1397 2166 1607 2200 obtinebant

126 2222 240 2257 usque
266 2213 309 2248 nd
334 2218 454 2257 portas
469 2213 682 2257 Byzantius,
708 2219 747 2247 ut
772 2214 925 2258 propriis
951 2218 1092 2247 utentes
1121 2218 1156 2247 et
1180 2213 1365 2247 abutentes
1392 2223 1463 2247 non
1490 2213 1604 2247 solum

126 2260 234 2294 rebus
260 2261 420 2304 cunctis,
460 2261 522 2295 sed
550 2262 653 2295 etiam
681 2261 851 2295 mulieres
876 2266 911 2294 et
935 2261 1089 2295 infantes
1115 2271 1184 2294 una
1209 2272 1286 2295 cum
1315 2262 1404 2295 viris
1428 2261 1471 2295 ad
1498 2261 1604 2306 quid..

126 2307 218 2342 libet
242 2314 415 2353 cogentes
443 2314 478 2343 et
510 2309 703 2351 ducentes,
739 2319 810 2342 non
855 2314 953 2342 extra
992 2309 1100 2342 urbes
1133 2314 1172 2342 ut
1209 2314 1313 2343 antea
1351 2315 1534 2343 currentes
1570 2314 1605 2342 et

126 2361 481 2400 praetercurrentes,
507 2357 570 2391 sed
596 2358 691 2390 intus
730 2358 798 2390 iam
825 2356 984 2390 colonias
1010 2357 1238 2390 instituentes
1264 2362 1431 2402 quantum
1449 2363 1484 2390 et
1512 2367 1604 2401 qua-

126 2402 210 2438 liter
236 2409 272 2438 et
304 2404 364 2438 ubi
390 2409 426 2438 et
459 2405 599 2450 quando
625 2405 761 2438 animus
788 2404 958 2438 suadebat
983 2410 1152 2448 regentes
1178 2404 1442 2449 imperioseque
1468 2405 1604 2450 guber-

126 2455 266 2486 nentes.

164 2552 166 2554 ‚
264 2510 421 2545 Brumali
464 2516 625 2556 tempore
659 2513 729 2546 iam
767 2512 953 2546 desinente
988 2512 1105 2545 media
1136 2517 1242 2545 nocte
1289 2511 1380 2545 fama
1415 2512 1602 2546 subitanea

133 2557 345 2602 Byzantium
366 2559 650 2602 circumtonuit,
689 2561 779 2594 intra
814 2569 932 2593 muros
960 2560 1102 2592 omnino
1128 2570 1208 2593 esse
1245 2559 1421 2599 iuniorem
1448 2559 1602 2594 Palaeo-

134 2605 271 2650 logum‚
299 2616 437 2650 regem,
463 2607 523 2652 qui
541 2607 684 2641 omnino
711 2607 847 2641 auxilio
872 2607 995 2651 populi
1015 2607 1153 2641 externi
1178 2608 1286 2641 tertio
1306 2607 1364 2641 die
1392 2618 1435 2641 ex
1460 2607 1600 2641 Tenedo

131 2652 248 2687 insula
274 2654 436 2687 venisset
462 2655 593 2690 itinere
619 2656 697 2699 ipso
724 2655 830 2698 plane
857 2654 1012 2689 occulto.
1064 2654 1199 2688 duobus
1224 2657 1428 2700 permagnis
1452 2655 1602 2689 biremi..

130 2700 197 2734 bus
223 2706 330 2746 atque
357 2701 519 2735 undecim
556 2703 775 2736 uniremibus
810 2713 875 2746 per
907 2708 1045 2746 portum
1079 2702 1166 2736 solis
1193 2708 1306 2736 ortum
1346 2713 1471 2737 versus
1496 2704 1601 2737 situm

133 2753 169 2784 et
195 2758 260 2794 per
284 2747 429 2784 navalia
455 2755 580 2785 vectus
607 2755 681 2794 est,
715 2761 861 2796 quarum
889 2751 1032 2785 navium
1066 2749 1159 2785 aliae
1184 2751 1277 2785 domi
1304 2756 1404 2786 erant
1433 2756 1599 2786 constru-

218 2814 251 2850 N
257 2813 440 2861 {cephei-us
469 2814 615 2862 (ἕτερον.
650 2814 722 2850 vol.
749 2815 821 2851 111.
1320 2815 1363 2851 16
