1826 3120
251 143 313 190 70
660 144 958 189 NICEPHORI
981 155 985 157 ·
1000 142 1304 187 GREGORAE

251 251 372 308 ἔγωγ’
401 251 619 307 ὀκνήσαιμι
652 250 807 306 σχολὴν
851 245 991 306 ἄγοντι
1024 251 1096 291 νῦν
1124 252 1352 306 προφέρειν
1385 247 1477 292 ἔνια
1506 250 1579 292 καί
1602 263 1708 305 προ·-

248 322 410 362 τιθέναι
437 334 505 362 σοι
533 321 739 374 βραχείας
767 317 874 366 τινὸς
906 315 1189 370 ἀντιρρήσεως
1218 314 1445 372 πρόφασιν.

199 400 232 433 8
385 386 452 443 Τῷ
479 386 555 438 μὲν
588 383 638 439 δη
666 385 778 441 τόμω
810 385 952 441 ἐκείνῳ
974 385 1047 436 τῆς
1069 381 1288 424 ἀντιθέτου
1320 381 1563 435 δυνάμεως,
1579 381 1710 437 Ἀγα-

245 453 439 508 θοῖγγελε,
467 454 542 493 νῦν
573 450 735 504 οἷωριάν
763 447 869 492 εἶναι
911 447 1077 504 μακρὰν
1108 449 1357 502 ἀντιλέγειν,
1390 449 1709 510 σκοπῶνῆιῖκρι-

245 522 330 574 βῶς
359 521 447 561 οὐδ’
477 515 603 567 αύτός
644 517 869 572 α’ρνηθείης
913 511 989 557 ἄν·
1060 517 1206 557 πολλοὶ
1240 513 1320 570 γὰρ
1353 513 1464 570 ἡμᾶς
1505 518 1742 572 έλλοχῶσιὸ

249 590 454 639 πολέμιοι,
480 585 554 634 τὰς
587 584 724 641 κύκλῳ
757 584 971 636 παρόδους
998 583 1181 637 ἀκριβῶς
1217 583 1476 638 κατέχοντες,
1505 585 1578 626 καί
1603 587 1708 629 πολ-

250 654 317 695 λοί
341 654 413 708 τῆς
442 652 645 707 ἡμετέρας
674 646 856 730 γλώττης
899 651 1116 703 ἐπίβουλοι
1146 649 1372 703 κάθηνται,
1402 647 1581 705 ἕφεδροί
1602 651 1709 700 τινες

247 723 378 763 εἰπεῖν
409 720 594 775 φρουροί
630 733 698 758 και
740 715 1042 798 ἡμεροσκόποι,
1077 713 1260 767 ι’νδαλμά
1290 732 1330 756 τι
1362 716 1576 771 ζητοῦντες
1602 730 1708 772 προ-

247 785 416 864 φάσεως
447 783 621 827 οἱασοῦν
654 784 884 860 εἰληφέναι,
915 784 965 824 ι’ν’
996 783 1110 837 ημᾶς
1134 782 1430 835 ἀναιδέστερον
1458 781 1710 836 ὑβρίσαντες

249 851 357 906 ὁμοῦ
400 867 470 894 και
518 867 591 929 της
633 851 846 915 παρούσης
878 851 987 903 ζωῆς
1017 847 1289 898 ἀπαλλάξωσι
1309 879 1322 901 ,
1353 865 1423 891 και
1454 849 1607 902 δόξωσι
1633 853 1768 900 itt-10

245 919 388 976 τρείαν
419 917 645 973 προσάγειν
674 922 760 965 τοῖς
793 919 865 958 νῦν
893 913 1083 971 ἡγεμόσι.
1155 913 1284 967 κιῖμοι
1309 916 1387 968 μὲν
1415 915 1603 958 θανάτου
1631 919 1711 970 μέ-
1811 917 1813 919 ’

180 987 185 991 ”
245 990 310 1027 λει
341 984 435 1027 οόδ’
477 983 646 1026 ὁτιοῦν·
720 998 922 1038 συμφυης
961 982 1040 1036 γάρ
1062 1016 1072 1035 ,
1121 998 1189 1023 και
1221 981 1262 1022 ει
1285 998 1344 1036 μη
1374 980 1587 1037 τήμερον,
1618 982 1710 1027 αλλ’

247 1046 395 1106 αὔριον
426 1049 528 1100 ἴσως
559 1048 730 1104 ἀδήλοις
759 1050 881 1091 ποσίν
910 1048 1177 1089 έπικείσεται.
1236 1046 1321 1088 ταῖν
1351 1048 1392 1089 δ’
1424 1043 1500 1090 οὖν
1533 1049 1709 1092 διωκόν-

247 1133 331 1160 των
362 1118 528 1174 φειδοῖ,
572 1115 631 1171 μη
664 1113 878 1171 πρόφασιν
910 1111 1019 1168 ἡμᾶς
1051 1114 1291 1167 ποιούμενοι
1336 1115 1558 1170 τῆν’θείαν
1589 1115 1723 1161 αὐτοὶ
1784 1168 1813 1177 ¹>

248 1185 345 1226 καθ’
393 1183 531 1227 αὐτῶν
578 1181 705 1237 ὄργην
744 1180 998 1237 έρεθίζωσι,
1041 1179 1198 1224 τούτων
1244 1185 1284 1224 δ’
1325 1177 1400 1224 οὖν
1435 1181 1554 1226 ἕνεκα
1589 1185 1767 1238 σιγᾶν15

249 1251 436 1307 ἀνάγκη,
481 1253 553 1293 καί
584 1247 759 1303 μάλισθ’
788 1244 849 1290 ὅτι
878 1250 979 1304 μηδ’
1013 1248 1092 1290 α’νὰ
1124 1255 1274 1306 χεῖρας
1314 1248 1426 1304 ἔχειν
1457 1246 1564 1306 ἧμᾶς
1591 1254 1711 1303 ’ξυνε-
1815 1245 1818 1248 ’

198 1323 200 1327 “
252 1314 460 1360 πεπτῶκει
489 1317 561 1359 τόν
580 1315 704 1369 τόμον
726 1317 904 1367 ἐκεῖνον,
937 1317 1005 1357 ἳνα
1029 1317 1194 1365 πάντως
1224 1318 1378 1371 βέβαια
1408 1316 1482 1374 καί
1503 1314 1563 1372 μή
1588 1314 1710 1373 κωφοὶ

256 1381 308 1425 τοὶ
340 1382 658 1438 προβαλλόμενα
687 1376 728 1439 ᾗ.
774 1379 943 1422 ἐπειδὰν
970 1383 1005 1422 δ’
1031 1380 1052 1421 ὅ
1074 1384 1147 1436 τῆς
1173 1384 1343 1436 αἰθρίας
1366 1381 1598 1440 α’ναλοὶμψῃ
1619 1393 1715 1423 κατ-

248 1450 319 1505 ρός
339 1449 452 1504 καίἧ
476 1449 746 1504 προσήκουσα
776 1450 828 1506 τῇ
854 1445 1013 1506 γλώττῃ
1040 1450 1253 1504 παρρησία
1275 1452 1551 1505 προσγένηται
1574 1447 1711 1503 ξύνγε

247 1519 355 1574 θεῷ,
386 1514 478 1558 τότε
514 1514 565 1570 δη
597 1514 709 1570 κιῖγώ
742 1514 848 1568 μετὰ
879 1517 1031 1569 σχολῆς
1062 1515 1284 1569 α’ναλαβαὶν
1312 1515 1512 1573 θρηνήσω
1542 1513 1614 1558 τὸν
1642 1531 1768 1574 nrt-20
1825 1557 1826 1578 ἢ

248 1581 349 1636 κρόν
374 1597 472 1638 μου,
502 1585 574 1625 καί
599 1582 691 1624 τότε
723 1578 962 1634 κλαύσομαι
994 1584 1154 1635 πικραῖς
1184 1584 1255 1625 έπί
1281 1581 1326 1625 τό
1360 1580 1605 1639 σύντριμμα
1633 1583 1707 1624 τοῦ

246 1651 389 1703 γένους
416 1664 518 1702 μου,
550 1650 830 1700 καταδέσμοις
854 1645 986 1704 φάναι
1014 1647 1085 1689 καί
1113 1650 1358 1705 φαρμάκοις
1390 1650 1594 1705 ἰατρικοῖς
1621 1648 1710 1692 τισί
1794 1701 1804 1707 „

247 1717 320 1771 τὴν
347 1719 423 1758 τοῦ
451 1716 655 1759 τοσούτου
686 1714 851 1765 πάθους
895 1713 951 1764 ὥς
981 1710 1067 1758 οἷόν
1097 1731 1142 1757 τε
1184 1714 1439 1772 πειρώμενος
1470 1715 1706 1773 φλεγμονὴν
1760 1744 1779 1759 .
1803 1720 1813 1733 “

246 1906 368 1952 agenti
392 1905 563 1940 nonnulla
589 1905 753 1949 proferre
781 1910 816 1938 et
847 1905 967 1940 brevis
1005 1905 1183 1939 cuiusdam
1211 1906 1443 1942 refutationis
1477 1917 1583 1943 causa
1617 1919 1705 1983 pro..

247 1964 396 1999 ponere.

378 2016 641 2051 Refutationem
679 2018 763 2050 tomi
806 2017 970 2051 factionis
1015 2018 1263 2059 adversariae,
1297 2018 1576 2063 Agathangele,
1612 2031 1706 2055 nunc

247 2076 349 2109 quam
375 2064 526 2097 maxime
551 2066 833 2107 intempestivam
868 2065 944 2098 fore
961 2089 971 2106 ,
1009 2070 1173 2098 accurate
1198 2065 1229 2098 si
1254 2075 1328 2098 rem
1355 2066 1586 2109 perpenderis
1614 2067 1706 2102 haud

247 2111 477 2152 diffiteberis3
503 2111 604 2144 multi
632 2112 723 2143 enim
749 2112 883 2145 inimici
920 2112 1023 2145 nobis
1061 2112 1289 2153 insidiantur,
1326 2122 1448 2146 omnes
1474 2114 1704 2149 circumcirca

247 2159 360 2193 aditus
387 2158 579 2202 diligenter
606 2159 858 2200 custodientes,
886 2164 920 2192 et
945 2158 1045 2192 multi
1070 2164 1268 2192 nostrorum
1295 2159 1485 2192 verborum
1503 2167 1705 2204 captatores

247 2206 404 2241 assident
427 2210 589 2249 tanquam
617 2206 787 2238 stationes
815 2212 850 2238 et
868 2206 1052 2247 excubiae,
1069 2215 1196 2239 causae
1222 2205 1355 2250 aliquid
1381 2206 1498 2240 simile
1529 2219 1705 2252 quaeren-

247 2259 314 2294 tes,
341 2258 380 2286 ut
404 2252 625 2296 impudenter
652 2257 686 2285 et
713 2253 970 2287 contumeliose
996 2263 1062 2286 nos
1086 2258 1252 2286 tractatos
1279 2254 1351 2286 vita
1380 2254 1526 2298 insuper
1550 2256 1704 2299 privent.

249 2306 355 2344 atque
381 2299 446 2341 iis,
479 2299 537 2343 qui
567 2310 660 2332 nunc
686 2310 802 2332 rerum
828 2300 929 2343 potiti
956 2305 1057 2341 sunt,
1094 2300 1250 2333 officium
1286 2300 1704 2345 quoddam‘praestitisse

248 2347 447 2381 videantur.
503 2346 589 2379 mihi
619 2347 759 2390 quidem
784 2357 876 2380 mors
903 2348 1067 2380 minimae
1094 2357 1198 2380 curae
1225 2352 1298 2388 est3
1326 2347 1443 2381 fatalis
1470 2349 1563 2382 enim
1590 2355 1644 2383 est
1670 2356 1706 2383 et

249 2395 278 2428 si
303 2403 372 2427 non
395 2393 500 2427 hodie
516 2418 526 2434 ‚
561 2398 596 2426 at
630 2394 780 2427 fortasse
815 2395 967 2427 crastino
1004 2395 1061 2427 die
1093 2394 1238 2428 incertis
1263 2394 1428 2438 gradibus
1454 2405 1521 2429 nos
1547 2397 1702 2431 invadet.
1795 2397 1811 2416 “

249 2441 536 2484 persecutoribus
564 2450 652 2475 vero
678 2442 843 2484 quoniam
869 2451 1015 2485 parcere
1034 2441 1197 2475 volumus
1216 2465 1226 2483 ‚
1261 2452 1307 2475 ne
1331 2446 1452 2475 nostra
1477 2452 1582 2476 causa
1607 2444 1703 2478 divi-

248 2498 327 2521 nain
353 2488 390 2520 in
417 2497 456 2520 se
482 2488 567 2521 iram
593 2489 784 2529 concitent,
812 2499 961 2522 necesse
989 2493 1042 2522 est
1067 2493 1201 2530 tacere,
1228 2489 1435 2531 praesertim
1459 2500 1562 2533 quum
1590 2501 1637 2523 ne
1666 2491 1703 2524 in

249 2534 407 2567 manibus
435 2535 574 2578 quidem
604 2534 792 2570 habeamus
818 2541 946 2568 tomum
982 2535 1100 2577 illum,
1136 2540 1173 2567 ut
1196 2535 1363 2568 refutatio
1396 2537 1489 2569 omni
1524 2547 1568 2570 ex
1603 2543 1704 2581 parte

250 2582 346 2615 firma
370 2591 487 2625 neque
514 2581 641 2615 debilis
670 2587 774 2636 atque
801 2583 927 2616 obtusa
953 2582 1055 2615 foret.
1118 2581 1264 2615 simulac
1289 2591 1377 2615 vero
1404 2585 1608 2618 serenitatis
1637 2595 1702 2618 ex..

250 2627 476 2671 splendescet
503 2633 639 2671 tempus
667 2634 701 2662 et
735 2630 826 2663 iusta
852 2630 996 2673 linguae
1022 2628 1168 2663 licentia
1194 2630 1260 2663 deo
1297 2629 1486 2663 adiuvante
1524 2636 1702 2675 suppetet,

250 2680 334 2708 tunc
361 2685 427 2718 ego
454 2677 491 2707 in
518 2676 590 2708 otio
618 2685 744 2719 corpus
767 2687 880 2709 meum
912 2681 1087 2709 mortuum
1120 2676 1284 2710 reficiens
1320 2676 1467 2722 lugebo
1491 2683 1526 2711 et
1560 2679 1702 2723 generis

251 2722 321 2755 mei
347 2722 595 2756 contritionem
623 2723 750 2756 acerbe
776 2723 926 2764 deflebo,
953 2722 1202 2767 alligamentis,
1227 2728 1266 2757 ut
1291 2724 1339 2757 ita
1364 2724 1487 2766 dicam,
1521 2729 1556 2759 et
1588 2725 1703 2759 medi..
