1826 3120
262 78 569 167 nisromAR
585 103 931 166 BrzANTmAE
955 122 1145 166 xxvnn
1174 109 1423 168 65—68.
1505 119 1599 168 221

65 276 70 283 ,
129 227 273 280 ’κλόνος
303 229 505 287 δξαίφνης
535 226 738 286 ῥαγδαῖος
774 233 848 274 καί
878 231 963 273 τῶν
995 227 1125 272 πάλαι
1165 231 1508 284 θαυμαζομένων
1533 230 1605 274 ἐπὶ

127 297 301 353 μεγέθει
329 297 552 351 ἐνάμιλλος
582 299 718 340 πᾶσαν
750 299 819 355 ἐφ’
851 293 901 354 ἧς
926 292 1163 353 ἑστήκαμεν
1191 295 1350 350 ἐτίναξε
1381 300 1472 354 γῆν.
1531 301 1605 341 καί

127 362 179 408 τὸ
210 366 289 417 μὲν
313 361 392 416 ἔξω
426 365 527 415 τέως
558 364 738 420 ἠγνόουν
767 366 899 422 πάθη,
929 367 1215 420 κεκλεισμένος
1245 361 1316 419 ὧν,
1351 360 1429 408 ὅσα
1447 382 1492 408 τε
1511 369 1604 408 Βυ-

133 430 301 482 ζάντιον
321 429 405 486 ,καί
433 425 514 473 ὅσα
539 430 614 481 τὰς
646 425 777 482 ἇλλας
807 435 1089 486 συμπέπτωκε
1119 431 1261 482 πόλεις
1290 436 1472 475 παθεῖν·
1504 429 1602 475 ὅλον

34 501 38 507 ’
93 497 168 542 θεῖ’
201 491 277 539 οὖν
304 497 482 554 ἔδόνησε
511 497 586 540 καί
609 502 867 555 συνετάραξε
904 498 1021 553 μάλα
1059 501 1259 557 σφοδρῶς
1297 499 1368 542 τόν
1400 499 1604 556 ἡμέτερον

130 560 274 620 οἶκον,
322 565 380 616 ὥς
423 570 498 610 καί
522 570 631 623 μέρη
667 569 798 609 πλείω
830 567 1009 624 ῥαγέντα
1038 570 1214 622 χεῖσθαι
1251 567 1360 622 πρὸς
1389 563 1604 623 τοῦδαφος

30 651 31 654 ’
129 630 252 676 ἔνθεν
279 634 488 687 κάκεῖθεν,
520 635 596 676 καί
621 632 786 685 τοὶςμὲν
815 631 1022 688 ἡμετέρας
1037 637 1212 688 βίβλους
1241 637 1284 687 ἐξ
1314 634 1443 689 ἕδρας
1473 631 1603 691 οἷναρ-

126 702 388 756 ρηγνυμένας
419 697 666 758 ῥιπτεῖσθαι
697 701 851 755 χαμαί.
899 698 946 742 τό
966 716 1013 755 γε
1042 701 1129 756 μήν
1160 704 1505 756 παρατεταμένον
1531 704 1605 757 τῆς

24 774 54 855 ξ
127 762 246 822 ὧρας
275 783 347 809 και
372 766 397 822 ἦ
424 765 532 809 κατὰ
554 766 700 823 βραχύ
715 768 834 844 „⁷:959
854 765 901 808 τὸ
932 768 1170 845 βιαιότερον
1192 768 1381 824 προκοπή
1409 771 1484 812 τοῦ
1513 785 1605 812 σει-

28 836 253 892 μιοσμοῦ
266 835 341 876 καί
378 833 661 917 α’παγορευειν
709 828 791 890 ἤδη
820 849 875 887 με
903 832 951 876 τὸ
984 835 1058 890 ζῆν
1086 833 1453 891 προσηνάγκαζεν,
1486 836 1603 895 αὐτῷ

25 901 50 958 ἐξ
126 916 172 945 τε
200 899 354 958 ἐδάφει
374 918 446 944 και
477 902 584 960 αὐτῇ
616 901 990 956 συγκαταδύεσθαι
1028 903 1374 980 προσδοκήσαντα
1403 905 1453 960 τῇ
1479 905 1602 964 οικία.

24 962 45 990 5⁴
127 967 208 1023 ἐγώ
237 970 317 1022 ’μὲν
359 963 436 1012 ουν
478 971 583 1018 τέως
613 984 690 1010 ουκ
717 967 827 1027 ἔχων
857 966 951 1011 ὅποι
983 972 1148 1024 βλέψας
1193 968 1271 1025 τήν
1296 970 1420 1013 θείαν
1443 970 1602 1028 ἐκείνην

24 969 52 1111 ξ
126 1035 353 1090 διαφυγεῖν
384 1034 527 1094 ὀργήν,
556 1031 580 1091 ἦ
612 1050 657 1078 τε
697 1037 772 1078 νῦν
817 1035 888 1078 διοὶ
920 1035 998 1086 τὰς
1037 1036 1246 1092 ἡμετέρας
1291 1035 1410 1095 ἐπῄει
1452 1041 1602 1087 κακίας

18 1106 47 1165 ¹34.
126 1100 202 1144 καῖ
224 1098 253 1156 ἢ
275 1104 492 1155 μέλλουσα
516 1108 609 1153 ταῖς
630 1104 908 1159 φαινομέναις
930 1100 1110 1152 ταύταις
1141 1104 1335 1153 α’πειλαῖς
1365 1106 1603 1159 ἑνεζωγρα-

70 1177 115 1214 15
128 1173 278 1226 φεῖτο,
320 1170 364 1220 ές
406 1168 453 1213 τὸ
485 1170 666 1226 πεπηγὸς
710 1173 784 1213 καί
810 1172 997 1224 βεβαίως
1026 1169 1250 1223 ἱστάμενον
1277 1172 1603 1227 ἐρηρεισμένους

126 1235 228 1286 τούς
256 1236 392 1287 πόδας
418 1235 531 1292 ἔχειν
552 1239 841 1294 έφιλονεικουν
856 1241 948 1292 μέν,
977 1237 1171 1293 α’ντέχειν
1192 1239 1229 1279 δ”
1259 1239 1336 1280 οὐκ
1365 1234 1479 1293 εἶχον
1499 1240 1604 1295 πρὸς

126 1298 239 1346 πάνυ
269 1303 538 1348 α’στατοῦσαν
566 1307 656 1361 γῆν.
690 1305 763 1347 καὶ
788 1300 839 1360 ἧν
869 1304 1140 1360 πανταχόθεν
1170 1307 1268 1359 ἐμοὶ
1294 1306 1419 1349 στενοὶ
1448 1308 1604 1364 κομιδῇ
1616 1325 1690 1359 ⁰9

125 1371 178 1414 τὰ
207 1373 286 1415 τοῦ
313 1372 574 1429 πράγματος.
652 1369 762 1416 οὕτω
802 1371 884 1428 γὰρ
930 1371 1040 1428 ἔχων
1074 1375 1158 1415 τῶν
1183 1371 1302 1416 ἔνδον
1331 1375 1480 1431 κακῶς,
1512 1369 1606 1416 οὔδ’

3 1494 5 1504 ,
34 1497 37 1501 Δ
126 1434 485 1495 ἕξωπροβαίνειν
507 1435 620 1490 ’ὅλως
650 1435 751 1497 ἦγον
775 1441 836 1489 εἰς
866 1438 1053 1496 μνήμην,
1084 1442 1206 1483 τοῦτο
1230 1442 1311 1494 μὲν
1340 1438 1402 1483 ὅτι
1434 1443 1605 1495 δέσμιος

20 1507 38 1564 ’ξ
68 1511 116 1550 20
129 1499 180 1562 ἦν
206 1508 281 1550 καί
308 1505 404 1558 τούς
432 1506 514 1563 πρὸ
544 1510 694 1563 θυρῶν
737 1509 917 1550 ἐδεδίειν
946 1506 1188 1563 πανόπτας,
1218 1510 1343 1552 τοῦτο
1371 1510 1408 1551 δ’
1439 1505 1500 1551 ὅτι
1533 1511 1607 1553 καί

127 1573 174 1617 τὸ
205 1577 278 1631 τῆς
307 1574 432 1628 θείας
472 1574 795 1633 α’ναπόδραστον
822 1575 974 1633 ψήφου
1020 1577 1152 1619 πάλαι
1194 1574 1411 1632 γινώσκων
1452 1572 1504 1631 ἦν
1547 1577 1605 1627 αἷς

127 1643 271 1692 ου’δείς
291 1643 530 1702 4ιιῖποδραιή,
561 1639 640 1687 κᾶν
667 1646 713 1688 έν
742 1644 976 1699 ὑπαίθροις
1003 1645 1196 1700 χορεύων
1217 1644 1325 1703 τύχῃ
1352 1645 1429 1698 τίς,
1457 1641 1532 1687 κᾶν
1560 1646 1606 1688 ἑν

126 1709 269 1770 εἱρκτῇ
308 1713 592 1769 συγκλείηται.
663 1715 736 1769 τῆς
763 1710 844 1767 γὰρ
882 1712 1043 1756 ἐκείνου
1080 1710 1326 1767 βουλήσεως
1354 1714 1526 1768 ἐξῆπται
1552 1715 1603 1756 τὰ

125 1776 280 1834 πάντα,
308 1776 391 1824 ὅσα
409 1796 456 1823 τε
485 1783 680 1837 φαίνεται
708 1783 780 1824 καί
797 1778 878 1824 ὅσα
908 1783 952 1824 έν
968 1787 1124 1836 μυχοῖς
1142 1779 1438 1834 θαλαμεύεται
1469 1780 1606 1837 α’πορ-

9 1961 48 1994 ‘l
129 1967 228 2016 poris
253 1967 484 2005 mirificorum
508 1970 754 2016 magnitudine
782 1970 921 2013 similis,
949 1980 1089 2005 omnem
1127 1969 1188 2004 ubi
1219 1970 1447 2005 constiteram
1473 1975 1602 2006 terram

131 2018 322 2052 concussit.
385 2018 589 2053 nesciebam
633 2030 737 2063 quum
775 2018 934 2052 inclusus
968 2030 1095 2060 essem,
1125 2028 1216 2063 quae
1252 2018 1339 2052 foris
1365 2018 1504 2060 fierent,
1534 2029 1602 2052 nec

131 2066 214 2112 quid
237 2066 413 2109 Byzantio
439 2077 508 2100 nec
533 2067 616 2111 quid
641 2067 772 2100 ceteris
800 2066 946 2099 urbibus
972 2066 1173 2100 accidisset.
1235 2066 1469 2100 vehementer
1493 2067 1603 2111 igitur

6 2139 30 2162 ,ἢ
129 2113 352 2158 perturbavit
370 2118 405 2147 et
422 2115 604 2149 concussit
624 2114 689 2147 ille
716 2114 890 2148 conclave
909 2124 1023 2147 meum
1046 2119 1084 2146 ut
1110 2113 1303 2158 pleraeque
1323 2119 1441 2157 partes
1469 2113 1603 2148 fractae

4 2163 25 2205 ξ,
129 2161 166 2195 in
191 2166 320 2196 terram
347 2161 516 2195 caderent
540 2167 575 2196 et
600 2162 683 2195 libri
708 2162 822 2195 nostri
850 2172 868 2194 e
895 2162 980 2195 sede
1007 2161 1050 2195 ad
1074 2160 1214 2194 humum
1238 2162 1491 2195 deiicerentur.
1519 2172 1603 2196 sus..

5 2211 22 2224 “’
129 2218 261 2253 pensus
287 2208 354 2242 hac
380 2208 468 2243 hora
493 2210 635 2243 animus
658 2215 693 2243 et
732 2215 847 2243 motus
874 2214 991 2242 terrae
1032 2208 1135 2243 brevi
1171 2208 1406 2242 vehementer
1430 2209 1598 2243 adauctus

129 2265 228 2300 spem
255 2257 352 2290 vitae
378 2257 559 2302 deponere
584 2268 641 2291 me
669 2257 841 2302 cogebat,
877 2267 982 2301 quum
1008 2262 1204 2290 metuerem
1229 2267 1275 2290 ne
1315 2262 1410 2290 terra
1450 2263 1485 2290 et
1519 2258 1597 2301 ipso

130 2303 297 2338 cubiculo
324 2306 558 2354 opprimerer.
628 2305 791 2350 equidem
831 2315 937 2359 quum
964 2314 1037 2337 non
1077 2304 1243 2338 haberem
1292 2314 1361 2349 quo
1400 2314 1457 2338 me
1486 2305 1601 2338 oculis

129 2356 309 2386 verterem
343 2343 540 2387 evitaturus
568 2353 723 2387 divinam
761 2353 859 2386 illam
887 2353 986 2394 iram,
1013 2362 1104 2397 quae
1139 2351 1183 2385 ob
1210 2353 1419 2396 pravitatem
1442 2358 1601 2386 nostram

129 2408 196 2432 nos
219 2398 337 2433 adibat
362 2401 494 2435 vividis
527 2401 700 2434 minarum
736 2400 918 2434 coloribus
954 2410 1147 2445 expressa,
1173 2399 1319 2433 firmiter
1357 2399 1467 2443 pedes
1495 2399 1599 2433 humo

129 2445 334 2492 infigebam,
360 2449 552 2492 trepidanti
580 2458 667 2482 vero
693 2453 811 2482 terrae
837 2447 1013 2481 obsistere
1040 2457 1111 2480 non
1130 2452 1302 2491 poteram.
1353 2447 1486 2492 ubique
1514 2447 1600 2480 mihi

128 2503 187 2527 res
222 2493 329 2538 plena
365 2495 619 2530 sollicitudinis
658 2502 752 2538 erat3
788 2497 879 2529 intra
914 2496 1006 2528 enim
1048 2494 1141 2528 male
1184 2505 1240 2527 me
1275 2494 1446 2528 habebam
1480 2505 1600 2539 neque

131 2541 231 2574 exire
259 2543 403 2577 omnino
428 2545 465 2576 in
489 2548 642 2577 mentem
669 2545 793 2585 venit;
826 2543 914 2576 illud
944 2543 1084 2587 quidem
1110 2547 1302 2586 propterea
1329 2543 1422 2587 quod
1448 2543 1484 2576 in
1515 2543 1601 2576 vin..

131 2587 225 2622 culis
252 2599 346 2623 eram
374 2596 409 2624 et
434 2596 516 2625 ante
543 2597 662 2636 portas
692 2569 844 2625 arbitros
872 2590 1083 2632 metuebam,
1111 2589 1179 2622 hoc
1205 2599 1293 2624 vero
1322 2590 1416 2645 quod
1442 2591 1600 2624 divinum

130 2637 352 2680 propositum
386 2638 631 2684 intelligebam
668 2641 843 2673 neminem
880 2639 1018 2672 evitare
1053 2647 1161 2682 posse
1205 2649 1273 2672 nec
1301 2638 1359 2683 qui
1394 2638 1458 2672 sub
1493 2637 1599 2671 coelo

129 2683 287 2718 ambulet
310 2695 378 2719 nec
414 2686 473 2732 qui
506 2688 542 2721 in
579 2698 758 2722 carcerem
793 2687 946 2720 iniectus
986 2687 1045 2720 sit.
1103 2685 1146 2719 ab
1174 2686 1250 2719 eius
1293 2686 1386 2719 enim
1414 2685 1599 2720 voluntate

130 2732 247 2769 omnia
279 2733 456 2781 pendent,
482 2745 717 2784 quaecunque
761 2740 884 2781 aperte
920 2736 1007 2770 fiunt
1042 2739 1077 2769 et
1114 2744 1347 2781 quaecunque
1380 2734 1417 2769 in
1451 2743 1598 2769 recessu
