1852 3138
200 857 272 891 15

108 1590 133 1626 f,
153 1590 219 1625 158
233 1600 267 1626 v.

279 1264 387 1303 -σμα,
419 1245 490 1307 τᾲς
519 1248 595 1287 τοῦ
623 1249 897 1300 προκειμένου
923 1248 1028 1300 λέγω
1054 1245 1270 1301 μα’ρτυρος
1307 1245 1527 1301 α’θλήσεις,
1570 1243 1671 1297 ὅσας
1701 1263 1745 1290 τε

292 137 390 190 384
694 142 990 189 NicEPHom
1040 138 1346 185 GREGORAE
1476 165 1478 167 >

291 253 440 305 λογίων
483 250 666 308 ἀμύητος
711 251 782 294 καί
816 247 940 300 αὐτὸς
981 249 1027 291 τὸ
1056 247 1258 303 παράπαν
1287 249 1578 302 διατετέλεκεν,
1605 243 1633 304 ἦ
1660 256 1745 291 συὲ-

295 318 395 361 νιών
424 320 502 372 μὲν
539 320 670 362 ἐνίοτε
699 316 830 373 τύχης
861 314 1120 371 ἔλα-υνούσης
1149 314 1288 370 τινός,
1316 313 1573 366 ἔπειτατοῖς
1595 310 1746 366 -ἔλλοις

290 385 381 426 ἐκεῖ
407 384 643 440 συμπαρών
674 388 750 438 μέν
771 415 783 437 ,
816 383 896 438 οὐχ
935 380 1044 437 ὁρῶν
1073 384 1119 425 δὲ
1145 381 1360 438 θεοτὴτων
1403 381 1607 426 α’κτίστων
1634 384 1748 437 σμῆ-

291 466 360 499 νος
387 451 584 503 α’πείρων,
614 449 838 505 πρόσχημα
888 447 964 503 τήν
999 447 1204 491 σύστασιν
1244 448 1316 490 καί
1344 448 1424 503 οὐχ
1458 443 1634 506 ἑκουσίῳ
1665 450 1747 507 δρᾷ

293 518 456 574 διανοίᾳ
485 516 556 558 καί
583 514 743 572 γνώμῃ,
776 514 848 557 τὸν
877 517 1075 569 προφανῆ
1097 519 1171 568 τῆς
1195 514 1341 564 κακίας
1376 512 1546 573 ἔλεγχον
1575 513 1780 563 §edific-5

290 582 354 624 διὸ
388 586 460 624 καί
489 583 597 637 ὁρῶν
624 583 704 637 οιῖχ
735 582 815 640 ὁρᾷ
846 582 919 623 καί
949 579 1115 623 α’κοιῖων
1146 582 1222 622 ov’x
1251 579 1406 623 α’κούει.
1435 580 1535 623 ου’δὲ
1564 581 1649 624 τῶν
1676 585 1748 624 λε-
1803 595 1827 606 *

287 650 471 702 γομένων
524 646 630 698 ὅλως
675 650 836 701 ἐπαΐει,
887 648 942 696 ὥς
986 646 1180 701 γίνεσθαι
1232 649 1368 703 σαφὲς
1416 648 1478 689 ἐπ’
1523 647 1659 690 αὐτοῦ’
1698 646 1744 690 τὸ

289 714 508 768 λεγόμενον
540 714 643 770 πρὸς
673 719 743 769 τῆς
772 716 938 771 γραφῆς
962 712 1097 771 “οἷκοῇ
1130 715 1356 757 ἀκούσεται
1389 717 1461 758 καὶ
1485 709 1536 756 οὐ
1562 714 1746 770 συνήσει,

289 781 362 822 καί
388 783 555 835 βλέπων
584 783 637 823 ου’
665 780 722 836 μῆ
753 780 842 839 ἴδῃ·
905 781 1126 835 ἐπαχύνθη
1159 780 1239 835 γὰρ
1273 779 1299 836 ἦ
1328 785 1481 836 καρδία
1509 782 1683 825 ατῗτοῦ.”
1804 841 1814 845 Α

344 878 348 882 -
399 851 582 891 Πολλῶν
612 851 652 890 δ’
673 846 786 901 ὅμως
817 845 945 891 ὄντων
974 848 1018 889 οἳ
1042 845 1092 889 τὰ
1114 848 1273 889 ἐκείνου
1296 850 1495 902 λαμπρῶς
1516 849 1580 890 ἐπ’
1602 849 1746 904 ἐκκλη-
1761 847 1818 886 10

287 918 383 964 σιάς
400 911 605 966 ὑμνοῦσιν
627 914 804 971 ἁπάσης,
838 914 985 957 ὁπόσαι
1006 915 1079 969 γῆν
1102 930 1144 956 τε
1174 916 1245 955 καί
1260 913 1483 959 θάλασσαν
1515 916 1746 970 διαλαχοῦ-

289 998 362 1024 σαι
394 979 439 1023 τὸ
471 980 639 1035 εὐσεβὲς
668 983 908 1037 ἐφαπλοῦσι
938 981 1157 1037 κήρυγμα,
1195 980 1358 1037 καίριον
1400 978 1506 1024 εἶναι
1536 983 1654 1024 δοκεῖ
1673 979 1747 1034 μοι

288 1050 362 1090 νῦν
389 1049 678 1104 α’πολεξαμένῳ
708 1049 813 1102 πρὸς
839 1049 968 1101 μέσον
988 1046 1059 1089 ἕνα
1076 1064 1155 1089 που
1177 1050 1249 1090 καί
1274 1047 1351 1089 δύο
1374 1053 1644 1103 παραγαγεῖν,
1675 1048 1749 1090 καί

290 1116 426 1165 δεῖξαι
457 1114 615 1156 τουτωῒ
639 1115 801 1169 τάνδρί,
834 1117 905 1156 καί
932 1112 1088 1162 εἴτινες
1110 1109 1191 1156 εἶεν
1205 1113 1247 1156 τὸ
1274 1113 1438 1168 ἠλίθιον
1463 1115 1576 1173 αὐτῷ
1604 1131 1747 1168 παρα-

289 1177 473 1235 πλήσιοι,
508 1183 550 1231 ἐξ
580 1180 744 1233 ὀνύχων
774 1179 843 1222 τὸν
873 1178 1019 1222 λέοντα
1057 1182 1134 1221 κοῖκ
1178 1185 1254 1222 τοῦ
1282 1183 1520 1234 κρασπέδου
1552 1179 1597 1223 τὸ
1626 1177 1804 1237 &pa-15

287 1315 360 1355 καί
385 1316 473 1364 οἵας
506 1314 608 1367 ὑπὲρ
644 1311 785 1368 φύσιν,
814 1311 857 1355 ἐν
878 1309 986 1367 ὅροις
1005 1315 1142 1366 μένων
1173 1315 1247 1366 τῆς
1278 1312 1460 1370 φύσεως,
1495 1315 1755 1369 ἐκαρτέρησε

288 1377 464 1434 πάσχων
492 1373 670 1432 ἐκεῖνος’,
713 1383 786 1422 καί
815 1379 916 1435 πρὸς
943 1395 988 1434 γε
1032 1380 1078 1421 τὸ
1121 1382 1300 1434 μέγεθος
1340 1382 1413 1435 τῆς
1459 1383 1615 1437 σοφίας
1645 1382 1744 1434 μεθ’

289 1441 336 1499 ἧς
369 1448 590 1499 α’ντιλέγων
623 1445 696 1494 τοῖς
724 1447 803 1488 τῶν
832 1447 1116 1500 εἰκονομοὶχων
1155 1447 1368 1497 ἐνστάσεις
1411 1445 1598 1504 ἀράχνης
1629 1450 1746 1504 δίκην
1791 1494 1796 1499 ,

288 1514 439 1554 διέλυε.
498 1513 571 1554 καί
612 1515 775 1566 πρῶτος
802 1515 888 1564 ’μὲν
923 1513 943 1555 ὁ
981 1516 1119 1563 πασας
1166 1513 1314 1568 σχεδὸν
1351 1515 1428 1563 τὰς
1466 1518 1546 1557 τῶν
1586 1514 1801 1569 ἐξόχωνῖὶθ

289 1579 416 1632 ἁγίων
446 1577 615 1634 μνήμας
660 1581 715 1621 δι’
758 1582 907 1629 αἰῶνος
951 1580 1309 1637 οἷκοαῖςεῦσεβαῖν
1338 1584 1644 1635 παραπέμψας,
1673 1581 1747 1623 καί

288 1648 427 1688 πᾶσαν
459 1643 691 1702 πανήγυριν
720 1651 804 1696 τοῖς
836 1647 1000 1696 οἰκείοις
1031 1644 1168 1700 λόγοις
1198 1647 1412 1703 κοσμήσας
1441 1662 1486 1689 τε
1519 1649 1590 1690 καί
1616 1664 1744 1690 πνευ-

290 1872 361 1896 non
387 1860 515 1894 fecisse
542 1859 698 1902 omnino,
725 1865 784 1894 aut
811 1871 888 1894 eum
923 1861 1138 1896 convenisse
1172 1861 1312 1912 quidem
1345 1861 1430 1896 illos
1462 1861 1651 1907 aliquando
1679 1863 1742 1899 sed

293 1908 438 1942 fortuito
468 1912 502 1941 et
526 1908 619 1940 inter
647 1917 709 1941 eos
737 1913 987 1942 commoratum
1027 1919 1106 1943 esse
1148 1910 1197 1942 ita
1232 1914 1271 1942 ut
1306 1909 1475 1943 deitatum
1507 1910 1741 1945 iucreatarum

293 1956 426 1990 turbam
463 1964 534 1988 non
568 1960 780 1999 agnosceret
817 1960 852 1988 et
884 1956 1090 1989 societatem
1126 1966 1196 1989 non
1231 1962 1356 2000 sponte
1381 1962 1498 1990 mente
1523 1967 1586 1991 sua
1613 1968 1654 1991 ae
1679 1969 1740 1992 ra..

291 2004 389 2036 tione
423 2002 567 2035 fecisset
602 2002 663 2035 sed
691 2008 851 2035 metuens
888 2013 934 2036 ne
961 2002 1075 2046 palam
1112 2003 1334 2037 contumeliis
1368 2004 1581 2038 afficeretur.
1631 2006 1740 2050 igitur

292 2050 351 2094 qui
377 2049 500 2082 oculos
527 2048 647 2082 habuit
672 2049 762 2082 nihil
790 2050 889 2091 vidit,
917 2051 976 2094 qui
1004 2061 1106 2083 aures
1141 2050 1231 2083 nihil
1264 2051 1399 2085 audivit
1422 2061 1539 2096 neque
1569 2051 1740 2086 dictorum

291 2097 476 2142 quidquam
503 2095 694 2138 intellexit,
721 2097 769 2130 ita
797 2102 835 2129 ut
861 2096 1004 2130 valeant
1029 2098 1065 2130 in
1090 2098 1202 2141 ipsum
1226 2098 1336 2131 verba
1351 2103 1494 2131 sanetae
1519 2099 1714 2142 scripturae
1729 2111 1742 2139 z,

290 2144 445 2177 ‘auribus
471 2143 590 2176 audiet
615 2144 774 2187 quidem,
810 2145 871 2177 sed
896 2144 984 2177 nihil
1011 2145 1214 2188 concipiet,
1251 2155 1368 2190 neque
1410 2144 1524 2179 oculis
1553 2147 1740 2192 quidquam

290 2191 445 2232 videbit3
471 2200 548 2223 nam
577 2200 638 2223 cor
663 2191 825 2234 perdrum
854 2191 984 2224 habet.’

424 2248 491 2283 Sed
517 2259 621 2292 quum
646 2248 745 2282 multi
783 2250 854 2283 sint
879 2250 938 2294 qui
975 2251 1122 2296 egregie
1159 2251 1202 2284 de
1239 2250 1303 2283 illo
1339 2250 1427 2284 haee
1462 2251 1645 2286 celebrent
1677 2263 1746 2296 perf

291 2295 478 2330 ecclesiam
503 2301 608 2328 totam
636 2302 807 2340 quotquot
833 2307 895 2340 per
924 2308 1017 2331 mare
1042 2309 1083 2331 ac
1108 2303 1232 2331 terram
1259 2298 1399 2341 pietatis
1428 2299 1656 2342 praeconium
1682 2300 1740 2333 fa-

292 2345 401 2385 ciunt,
430 2348 547 2386 aptum
574 2343 658 2375 mihi
686 2344 826 2377 videtur
854 2344 991 2388 eligere
1017 2351 1051 2378 et
1079 2346 1113 2378 in
1138 2345 1288 2378 medium
1314 2356 1419 2378 unum
1447 2345 1505 2379 vel
1540 2347 1627 2380 duos
1651 2357 1738 2390 pro..

291 2401 423 2424 vocare
453 2395 487 2423 et
511 2389 593 2422 huic
623 2390 701 2424 viro
730 2396 764 2424 et
791 2392 920 2424 ceteris
945 2392 974 2425 si
1001 2393 1060 2437 qui
1088 2392 1179 2425 forte
1204 2393 1410 2426 temeritatis
1444 2394 1519 2426 eius
1542 2393 1631 2427 socii
1655 2394 1737 2435 sint,

293 2448 337 2470 ex
361 2437 535 2481 unguibus
563 2438 751 2471 ostendere
778 2438 918 2472 leonem
948 2444 983 2472 et
1022 2450 1041 2472 e
1071 2439 1228 2483 margine
1254 2444 1398 2472 textum.
1458 2441 1537 2473 dico
1575 2442 1738 2484 martyris

291 2485 334 2518 de
360 2494 429 2528 quo
456 2484 604 2517 diximus
630 2484 842 2519 luctationes
872 2491 956 2530 quot
984 2491 1018 2519 et
1042 2485 1166 2530 quales
1191 2485 1255 2518 ille
1280 2487 1480 2529 pertulerit,
1506 2497 1591 2532 quas
1617 2498 1740 2532 quam·

291 2532 344 2564 vis
372 2541 476 2574 supra
500 2532 595 2564 vires
624 2531 790 2566 humanas
818 2538 936 2566 essent
970 2539 1086 2566 tamen
1123 2538 1245 2566 natura
1279 2543 1341 2566 sua
1375 2535 1576 2577 superavit,
1611 2535 1739 2579 quibus

293 2579 395 2611 etiam
423 2579 549 2611 fortior
575 2578 686 2611 faetus
715 2585 779 2612 est.
842 2580 910 2613 huc
943 2581 1079 2614 accedit
1113 2580 1315 2624 magnitudo
1349 2581 1424 2614 eius
1450 2582 1646 2625 sapientiae
1672 2592 1740 2627 qua

291 2626 510 2670 impugnavit
537 2631 572 2658 et
596 2626 905 2660 iconomachorum
932 2628 1118 2670 opiniones
1144 2627 1429 2663 araneae.instar
1454 2628 1629 2664 dissolvit.
1680 2629 1740 2674 qui

294 2673 396 2704 etiam
425 2673 555 2716 primus
578 2682 714 2705 omnem
744 2673 820 2706 sere
844 2674 998 2707 virorum
1017 2679 1218 2708 sanctorum
1243 2675 1444 2708 memoriam
1470 2676 1506 2709 in
1532 2682 1739 2721 perpetuum

291 2719 445 2753 fidelium
473 2720 615 2752 auribus
649 2720 851 2754 reservavit
888 2726 923 2754 et
955 2731 1117 2755 coronam
1144 2721 1234 2754 hanc
1270 2722 1343 2755 suis
1378 2723 1488 2766 ipsius
1521 2723 1740 2758 sermonibus
