1826 3120
285 137 383 189 344
703 146 1000 193 ΝιοΕΡΗοΒι
1044 149 1351 195 GREGORAE

226 276 228 279 f
280 249 427 308 ἥκιστα
448 256 675 298 πείθεσθαι
695 258 940 309 δυναμένων
962 256 1019 306 ὥς
1040 255 1152 299 οὕτω
1173 256 1411 314 παχύτητος
1432 257 1611 316 ἔχουσαι
1633 265 1742 318 βλα-

281 320 465 377 σφημίαι
491 320 565 376 τῆν
592 325 800 376 βασιλέως
831 323 1020 378 διάνοιαν
1048 324 1314 378 ἐλελήθεσαν.
1374 330 1446 369 καί
1476 330 1556 381 μὲν
1585 329 1637 385 δὴ
1669 335 1742 386 τῆς

279 385 482 444 τοσαύτης
511 388 683 438 ἀτοπίας
709 390 888 446 έν-ἀκοῇ
908 393 1112 449 γενομένῳ
1142 394 1200 450 τῷ
1227 395 1410 447 βασιλεῖ’,
1425 397 1645 448 μᾶλλονδὲ
1663 401 1738 454 τῆς

282 455 482 508 διαβολῆς
507 459 581 498 καί
605 459 888 512 συκοφαντίας
917 453 965 512 ῆν
991 456 1095 499 κατὰ
1140 460 1211 514 τῆς
1237 462 1458 517 βασιλικῆς
1496 464 1737 508 διεσκέδασε
1812 514 1814 518 .

279 521 442 579 γνώμης
470 521 491 566 ὃ
515 521 692 577 α’ναιδὴς
722 526 955 578 Παλαμᾶς,
986 526 1057 567 καί
1086 522 1176 579 ἅμα
1209 524 1344 570 ὁπόσα
1373 530 1769 583 καταψεύσασθαιὸ
1806 522 1822 559 ·’Ῐ

279 591 352 632 καί
375 591 448 644 τῆς
480 590 673 644 εὐγενοῦς
715 590 936 645 γερουσίας
968 593 1044 632 οὐκ
1074 586 1256 647 ὤκνησεν
1274 627 1285 646 ,
1314 595 1365 635 ου’
1391 597 1572 650 μετρίως
1600 597 1735 652 α’χθε-

156 657 439 711 ιιισθῆναι
466 658 758 708 συμπέπτωκε.
828 659 921 700 δέον
958 658 1039 713 γὰρ
1071 663 1292 713 Παλαμᾶν
1333 663 1603 716 εὐχαριστεῖν
1630 666 1735 719 πρός

279 739 324 776 γε
354 727 437 772 τοῖς
466 717 608 772 ἄλλοις
640 722 710 764 καὶ
740 722 818 779 πρό
843 740 888 778 γε
920 727 1003 766 τῶν
1031 721 1170 775 ἄλλων
1198 727 1253 783 τῷ
1272 729 1445 780 βασιλεῖ
1466 723 1539 783 τῆς
1569 746 1734 785 μακρο-

278 791 441 841 θυμίας
476 790 549 830 καί
594 790 856 845 προμηθείας
897 793 972 833 τοῦ
1013 791 1073 846 μῆ
1112 793 1360 847 έκκήρυκτον
1397 798 1609 849 γεγονέναι
1650 798 1734 840 τῶν

276 857 449 911 μακρῶν
481 854 647 897 ἐκείνων
673 854 804 907 ςὲνεκα
841 861 1152 914 βλασφημιῶν,
1183 856 1205 899 ὂ
1248 860 1293 900 δὲ
1334 863 1407 903 καί
1448 862 1504 902 δι’
1544 862 1732 916 ὑποψίας
1747 859 1801 911 ιὸγ

277 923 527 978 ἐληλυθέναι
557 925 749 978 πέπραχε
778 923 850 967 τόν
879 926 1100 980 ευέργέτην
1142 925 1325 984 ὁποτέρῳ
1359 928 1490 983 δυοῖν,
1519 923 1548 984 ἢ
1578 926 1643 972 ὅτι
1671 930 1730 985 μὴ
1777 957 1780 958 ⁷

277 991 453 1044 συνῆκεν
483 983 579 1030 οὔθ’
610 988 630 1032 ὅ
658 990 861 1043 βασιλεύς
894 987 992 1033 οὔτε
1024 985 1162 1035 ἄλλων
1199 993 1341 1043 οὐδείς
1369 996 1448 1037 τῶν
1490 997 1731 1054 τῷιίνοσιῖρ

275 1060 542 1115 λαληθέντων
571 1056 674 1101 κατὰ
706 1061 776 1114 τῆς
806 1060 1045 1114 εὐσεβείας,
1090 1057 1116 1116 ἢ
1145 1063 1327 1104 συνιέντι
1370 1061 1738 1119 περιπεφρόνηταί

275 1141 320 1167 τε
350 1124 421 1167 καί
451 1131 646 1180 παρεῖται
677 1125 729 1168 τοὶ
761 1130 971 1183 πλείστης,
999 1130 1158 1181 μᾶλλον
1202 1129 1240 1169 δ’
1271 1128 1433 1185 ἆποὶσης
1466 1124 1564 1181 ἇξια
1596 1144 1732 1186 φρον-

273 1191 384 1242 τίδος
425 1191 498 1234 καί
538 1195 737 1248 σπουδῆς.
813 1194 878 1235 διὸ
928 1193 976 1250 δὴ
1010 1197 1084 1237 καί
1117 1194 1166 1236 οὕ
1191 1195 1318 1248 μόνον
1355 1198 1430 1239 τοῦ
1459 1196 1660 1246 ἄναιδοῦς
1686 1213 1731 1240 τε
1745 1212 1810 1247 15,

272 1258 345 1301 καί
376 1262 572 1314 α’γεννοῦς
603 1255 731 1315 ἤθους
750 1264 1037 1316 κατεγνῶσθαι
1066 1266 1206 1317 ’γέγονε
1227 1265 1470 1318 Παλαμᾶν,
1505 1263 1595 1306 ἀλλ’
1626 1258 1730 1320 ἦσαν

274 1326 316 1368 οἳ
344 1326 418 1368 καί
444 1328 715 1383 καταρᾶσθαι
746 1329 939 1383 ἐξῆγοντο
968 1329 1025 1386 μὴ
1058 1332 1106 1387 τῇ
1137 1326 1227 1389 ὥρᾳ
1257 1330 1386 1383 μόνον
1413 1328 1457 1372 ἒν
1497 1325 1523 1390 ᾖ
1553 1331 1730 1387 τετύχη-

273 1409 340 1437 κεν
370 1393 503 1436 αὕτὸν
530 1399 827 1452 γεγεννῆσθαι,
870 1396 977 1438 α’λλὰ
1021 1397 1095 1439 καί
1119 1402 1205 1447 τοῖς
1235 1395 1369 1440 αὐτὸν
1408 1399 1632 1454 γεννήσασι
1660 1399 1733 1441 καί

272 1463 573 1516 θρεψαμένοις.
632 1464 677 1504 ἐκ
705 1463 785 1518 γὰρ
817 1461 959 1521 ῥίζης,
985 1463 1041 1513 ιὸς
1071 1463 1227 1519 ἔοικεν,
1258 1464 1408 1519 ἔλεγον,
1435 1466 1506 1520 τῆς
1537 1463 1742 1524 πατρῴου

273 1527 318 1570 τὸ
353 1530 556 1571 τοσοῦτον
587 1531 706 1586 αύτῷ
736 1531 809 1583 τῆς
843 1532 1093 1584 δυσσεβείας
1118 1532 1402 1587 ἐγκατέσκηψε
1433 1531 1618 1587 νόσημα,
1650 1543 1786 1580 ata-20

272 1593 410 1648 θάπερ
437 1611 497 1644 τις
530 1591 647 1651 ’ἄλλη
678 1595 812 1651 κηλὶς»
833 1602 924 1647 ταῖς
962 1603 1105 1652 γοναῖς
1145 1601 1219 1641 καί
1251 1603 1430 1655 τροφαῖς
1472 1601 1731 1653 ἐγκεκαλυμ-

270 1662 396 1716 μένη·
454 1661 504 1703 οὕ
530 1662 610 1720 γὰρ
644 1658 697 1706 ἂν
726 1666 769 1714 ἐς
796 1657 931 1718 βάθος
961 1661 1071 1708 οὕτω
1100 1668 1238 1709 κακῶν
1260 1668 1451 1710 ἐνέπιπτε
1469 1665 1521 1709 τὸ
1544 1667 1728 1722 γέννημα

274 1846 437 1882 dentibus
462 1851 593 1890 autem,
620 1848 680 1893 qui
703 1848 843 1882 ratione
870 1853 906 1882 et
931 1850 1062 1884 amussi
1087 1850 1206 1894 audita
1222 1850 1474 1894 examinarent,
1502 1850 1613 1886 nullis
1635 1851 1727 1886 dieta

273 1894 416 1938 probari
441 1899 617 1938 poterant,
647 1905 724 1928 cum
750 1896 892 1930 minime
919 1897 1067 1931 credere
1091 1903 1256 1941 possent,
1296 1903 1364 1932 tam
1391 1899 1536 1943 pinguia
1561 1899 1726 1934 convicia

272 1942 369 1986 regis
402 1946 552 1975 mentem
595 1942 742 1986 fugisse.
811 1943 984 1987 quodcum
1020 1945 1177 1989 ineptiae
1219 1950 1338 1979 tantae
1375 1946 1454 1980 sive
1489 1946 1608 1989 potius
1640 1957 1726 1990 per..

261 1989 462 2022 ‘versiones
489 1989 671 2034 falsaeque
698 1990 975 2033 criminationes,
1002 2002 1087 2036 quas
1119 1997 1241 2025 contra
1254 1993 1351 2037 regis
1366 1993 1576 2026 sententiam
1601 1993 1725 2027 divul-

276 2036 376 2079 gavit
400 2035 558 2069 Palamas
583 2037 781 2080 impudens,
807 2039 885 2083 regi
914 2044 1034 2072 essent
1057 2040 1259 2081 nuntiatae,
1284 2038 1462 2084 simulque
1490 2050 1724 2085 quaecunque

274 2087 396 2116 eontra
422 2083 610 2116 concilium
643 2084 766 2117 nobile
799 2084 936 2130 fingere
961 2085 1024 2119 ille
1050 2096 1121 2119 non
1147 2087 1282 2120 veritus
1309 2092 1384 2127 est,
1411 2087 1562 2130 accidit,
1587 2093 1626 2121 ut
1651 2097 1723 2121 non

273 2130 499 2163 mediocriter
531 2136 752 2175 gravaretur.
811 2132 998 2175 oportebat
1035 2134 1126 2166 enim
1164 2132 1338 2167 Palamam
1370 2139 1512 2176 praeter
1547 2133 1639 2168 alios
1689 2139 1724 2168 et

274 2187 359 2220 prae
387 2176 468 2210 aliis
493 2179 571 2221 regi
595 2183 731 2222 gratum
760 2189 839 2213 esse
866 2185 1012 2223 propter
1038 2180 1126 2214 eius'
1144 2180 1366 2214 clementiam
1393 2186 1428 2214 et
1451 2182 1722 2225 providentiam,

273 2234 341 2268 qua
368 2223 494 2257 factum
523 2230 588 2267 est,
614 2231 652 2259 ut
676 2234 747 2258 non
773 2226 876 2260 fieret
902 2226 1002 2260 exsul
1028 2232 1173 2271 propter
1198 2237 1323 2271 magua
1347 2227 1410 2260 illa
1436 2229 1622 2262 convicia:
1658 2228 1722 2262 ille

272 2276 386 2303 autem
415 2271 544 2313 effecit,
573 2277 611 2305 ut
636 2283 699 2306 rex
727 2283 812 2318 erga
839 2284 917 2306 eum
944 2273 1124 2308 beneficus
1158 2275 1262 2308 etiam
1288 2275 1323 2307 in
1351 2276 1589 2318 suspicionem
1614 2276 1722 2309 cade-

271 2323 326 2351 ret
349 2317 629 2352 alteriusutrius:
656 2325 716 2353 aut
743 2321 835 2364 quod
860 2331 978 2365 neque
1005 2331 1069 2355 rex
1092 2331 1209 2366 neque
1234 2321 1382 2355 aliorum
1409 2324 1604 2366 quisquam,
1632 2333 1722 2367 quae

270 2365 363 2397 dicta
397 2370 516 2398 essent
552 2366 595 2399 ab
630 2367 737 2410 impio
774 2372 895 2401 contra
927 2369 1108 2411 pietatem,
1133 2368 1383 2411 intellexisset,
1410 2375 1470 2403 aut
1495 2370 1588 2414 quod
1611 2370 1723 2404 intel-

271 2411 399 2456 ligenti
440 2418 615 2447 contemta
651 2419 685 2447 et
708 2414 873 2459 neglecta
901 2421 1020 2449 essent
1044 2426 1097 2458 ea,
1122 2426 1211 2460 quae
1236 2415 1386 2459 plurima
1403 2417 1480 2450 sive
1495 2417 1610 2461 potius
1628 2418 1722 2450 omni

270 2469 355 2492 cura
381 2460 569 2504 studioque
595 2466 714 2495 essent
737 2462 864 2506 digna:
891 2467 1037 2507 propter
1061 2464 1152 2507 quod
1179 2463 1282 2497 etiam
1296 2472 1367 2496 non
1390 2464 1492 2497 modo
1518 2465 1658 2506 accidit,
1684 2469 1722 2497 ut

268 2505 427 2539 Palamas
452 2513 598 2551 propter
634 2509 854 2551 impudentes
881 2515 917 2543 et
941 2519 1070 2553 pravos
1098 2520 1214 2544 mores
1241 2510 1475 2553 damnaretur,
1500 2511 1562 2545 sed
1590 2516 1720 2551 essent,

270 2552 329 2597 qui
356 2553 612 2588 adducerentur
644 2561 683 2588 ut
707 2565 777 2588 non
806 2556 919 2589 solum
947 2558 1086 2599 horam,
1125 2567 1194 2602 qua
1224 2558 1375 2590 maxime
1402 2563 1496 2592 esset
1519 2563 1633 2600 natus,
1660 2558 1734 2592 sed'

271 2599 372 2632 etiam
399 2610 486 2642 eos,
526 2603 584 2645 qui
623 2613 701 2635 eum
739 2604 965 2646 peperissent
1001 2609 1036 2637 et
1070 2605 1346 2646 enutrivissent‚
1382 2605 1651 2639 detestarentur.
1702 2615 1721 2638 e

272 2646 389 2679 radice
421 2648 512 2680 enim
537 2650 742 2683 necessario
769 2655 915 2693 paterna
940 2651 1105 2685 dicebant
1137 2652 1173 2685 in
1199 2661 1276 2685 eum
1301 2652 1471 2685 incidisse
1495 2657 1627 2686 tantum
1651 2652 1721 2685 im-

270 2693 411 2736 pietatis
442 2695 622 2729 morbum:
656 2702 695 2730 ut
731 2697 869 2730 macula
900 2697 971 2731 alia
1000 2699 1092 2732 natis
1132 2699 1359 2732 eteducatis
1392 2699 1570 2733 involuta:
1603 2709 1720 2743 neque

272 2739 363 2773 enim
390 2740 426 2773 in
459 2742 731 2785 profunditatem
763 2743 932 2778 malorum
961 2750 1077 2779 natum
1102 2750 1286 2789 tantopere
1321 2746 1494 2780 incideret
1530 2756 1647 2791 neque
1672 2746 1720 2779 ita
