1852 3138
345 143 444 196 412
741 153 1057 198 memnoni·
1079 143 1385 198 eumen-An

343 260 449 320 ἦθος
475 262 735 319 κιβδηλεύειν
764 261 936 318 ἔμελλον
965 258 1042 312 ἄν,
1075 266 1249 316 σεμναῖς
1291 261 1482 317 ἀσέμνως
1518 261 1664 314 ἀκοαῖς
1704 264 1796 307 ἔνο·
1850 307 1852 312 ,

253 335 323 370 12
339 333 536 385 χλοῦσαι.
566 332 728 386 μᾶλλον
760 331 798 372 δ’
831 330 963 371 εἷπεῖν
990 329 1238 387 οἰκειότερον
1255 361 1267 381 ,
1305 328 1363 380 ὥς
1390 330 1492 387 πρὶν
1516 329 1612 382 τοὺς
1639 334 1806 383 θεοκα-ι
1850 338 1852 347 “

343 398 502 453 πήλους
530 397 714 446 ἐκείνους
742 395 765 438 ὁ
795 397 939 453 κύριος
968 398 1012 438 ἐκ
1037 399 1112 438 τοῦ
1135 396 1272 453 ἱεροῦ.
1328 394 1473 454 ὥσπερ
1506 396 1589 455 γὰρ
1618 399 1690 442 ἐπὶ
1714 400 1799 442 τῶν
1850 403 1852 407 ’

345 464 611 521 φαινομένων
653 464 913 520 πραγμάτων
951 463 979 520 ἦ
1021 466 1098 519 μὲν
1140 464 1265 521 φύσις
1313 464 1498 507 ἀνείδεον
1523 465 1680 522 τρόπον
1705 481 1800 508 τινα

342 531 415 587 τὴν
453 529 557 587 ὕλην
597 531 779 587 παρέχει
818 535 906 581 τοῖς
946 530 1188 587 ἀνθρώποις
1233 532 1307 574 καί
1347 529 1597 576 ὑπεναντίαν
1645 531 1703 582 ὥς
1747 530 1800 575 τὰ

343 596 479 640 πολλὰ
510 597 616 654 πρὸς
644 596 690 640 τὸ
717 598 956 654 χρήσιμον,
988 593 1271 655 ἐπειδήπερῆ
1300 599 1378 653 μὲν
1410 597 1536 656 φύσις
1570 598 1642 643 τὸν
1671 598 1800 643 αὐτόν

343 665 410 707 ἀεὶ
439 665 752 721 συγκεχυμένον
779 665 854 707 καί
888 665 1132 721 ἀδιάκριτον
1160 666 1316 721 τρόπον
1344 670 1468 723 τηρεῖ
1485 667 1559 722 τῆς
1585 667 1798 723 γενέσεως,

342 729 369 774 ἃ
401 734 439 774 δ’
476 731 723 774 ἀπαιτοῦσιν
766 731 810 774 αἱ
861 733 1062 788 διηνεκεῖς
1090 732 1163 774 καί
1183 756 1189 763 =
1209 733 1412 790 διάφοροι
1449 735 1532 776 τῶν
1559 733 1799 790 ἀνθρώπων

336 803 508 856 χρεῖαι,
553 799 685 840 ταῦτα
723 799 978 854 μεταβάλλει
1022 799 1156 841 πάντα
1198 801 1396 857 πολλαχῇ
1422 800 1495 843 καὶ
1523 800 1799 857 πολυτρόπως

338 864 409 907 ὑπ’
444 863 581 907 αὖτῶν
609 865 715 922 πρὸς
756 866 800 908 τὸ
826 867 1065 922 χρήσιμον,
1111 864 1217 909 οὕτω
1249 868 1322 910 καὶ
1363 868 1417 911 τά
1440 872 1474 910 τ’
1509 867 1696 925 ὀνόματα
1725 867 1799 910 καί

342 931 510 988 ῥήματα
543 934 733 989 διαγνοιη
766 930 816 976 ἄν
843 950 906 984 τις
934 933 1106 986 ἔχοντα,
1139 934 1212 977 καὶ
1238 934 1420 989 μάλισθ’
1451 932 1534 980 ὅσα
1561 926 1657 984 ταῖς
1680 932 1796 989 ὅμω-

340 999 513 1053 νυμίαις
541 1001 830 1056 περιδινεΐται,
861 999 1055 1056 καθάπερ
1086 998 1165 1056 ὕλη
1193 1018 1255 1051 τις
1274 1002 1480 1058 διάφορος
1500 997 1582 1043 ὕπὸ
1598 1001 1674 1056 τῆς
1698 1001 1796 1054 τέχ-

341 1082 414 1121 νης
442 1067 825 1123 παιδαγωγοῦμενά
851 1084 896 1110 τε
925 1069 998 1109 καί
1033 1068 1139 1124 πρὸς
1177 1067 1223 1110 τὸ
1259 1068 1472 1125 χρήσιμον
1509 1072 1596 1118 τοῖς
1632 1072 1797 1124 καιροῖς

341 1133 413 1175 καί
440 1137 532 1183 ταῖς
561 1136 644 1176 τῶν
672 1134 922 1192 γραφόντων
961 1134 1034 1177 καί
1072 1136 1379 1191 διαλεγομένων
1423 1140 1512 1178 κατ’
1558 1136 1797 1189 οἰκονομίαν

250 1206 319 1240 18
340 1198 573 1243 ὑποθέσεσι
586 1202 946 1258 μεθαρμοζόμενά
964 1218 1009 1244 τε
1035 1203 1107 1244 καί
1126 1203 1547 1258 μεταλαμβανόμενα.
1603 1203 1677 1256 καὶ
1701 1201 1828 1245 τού-1

339 1283 423 1309 των
452 1266 555 1322 ἧμΐν
587 1268 873 1324 ἀρχιτέκτονες
900 1268 938 1311 οἱ
971 1273 1084 1311 θεῖοι
1110 1271 1184 1325 τῆς
1200 1269 1422 1325 ἐκκλησίας
1454 1269 1795 1326 διδάσκαλοίγί-

339 1349 506 1385 νονται,
553 1335 591 1376 εἴ
628 1338 895 1390 βουλοιμεθα
938 1335 1155 1392 προγόνων
1198 1336 1331 1393 φάναι
1364 1338 1562 1393 χρηστῶν
1600 1335 1797 1393 ἀπόγονοι

337 1400 519 1456 χρηστοὶ
547 1404 804 1452 καλεῖσθαι,
847 1404 1028 1459 μηδαμῇ
1057 1401 1111 1445 τὰ
1138 1404 1307 1445 ἐκείνων
1334 1404 1696 1459 τοιχωρυχοῦντες
1724 1403 1798 1446 καί

342 1469 647 1523 παρασπῶντες
697 1468 770 1511 καὶ
814 1470 1114 1525 σπαράττοντις
1154 1470 1262 1512 κατὰ
1297 1467 1393 1519 τοὺς
1443 1468 1684 1525 ἀγνώμονας
1724 1471 1797 1513 καὶ

343 1534 607 1590 πατραλοίας
634 1537 792 1585 παῖδας
818 1536 1025 1587 ἐκείνους,
1058 1533 1130 1585 οὓς
1159 1536 1324 1587 ἐξώλεις
1353 1536 1426 1579 καὶ
1455 1535 1661 1593 προώλεις
1690 1537 1794 1579 ἐπα-

346 1604 501 1658 ρῶνται
542 1601 692 1653 πάντες
733 1602 1017 1645 ἀπόλλυσθαι.
1085 1601 1228 1659 ὥσπερ
1276 1604 1411 1659 δήπου
1453 1603 1527 1646 καί
1563 1604 1734 1660 Πέτρος
1774 1602 1797 1645 ὅ

342 1671 458 1719 θεῖος
490 1667 731 1721 ἀπόστολος,
764 1670 976 1712 διδάσκων
1005 1669 1064 1725 μὴ
1095 1670 1366 1727 διαστρέφειν
1382 1670 1457 1721 τὰς
1475 1671 1597 1720 θείας
1627 1668 1798 1726 γραφὰς

340 1734 447 1793 πρὸς
475 1737 628 1780 κακίαν
659 1737 924 1794 ἀντίρροπον,
951 1738 1024 1781 καί
1050 1738 1149 1780 τάδε
1179 1739 1472 1794 προστίθησιν.
1525 1734 1612 1787 “uic
1639 1734 1663 1780 ὃ
1691 1734 1795 1793 ἀγα-

340 1801 468 1858 πητὸς
509 1801 630 1858 ἡμῶν
661 1802 845 1860 ἀδελφός
875 1806 1054 1854 Παῦλος
1095 1804 1203 1846 κατὰ
1235 1803 1309 1858 τὴν
1345 1802 1459 1861 αὐτῷ
1476 1800 1690 1846 Αδοθεῖσαν
1722 1818 1794 1845 σο-

339 1962 524 1998 pravoque
551 1953 656 1987 modo
679 1953 852 1988 bonorum
878 1954 1057 1988 hominum
1084 1964 1188 1988 aures
1213 1953 1404 1988 offendere.
1453 1952 1513 1987 vel
1538 1957 1578 1987 ut
1604 1953 1697 1998 quod
1720 1963 1797 1987 ma-

343 2001 398 2045 gis
423 2000 491 2034 huc
517 2001 684 2046 quadrat,
710 2002 820 2035 dicam
846 2001 1130 2046 blasphemorum
1156 2000 1398 2046 expulsionem
1415 2010 1434 2033 e
1459 2001 1568 2034 sacris
1595 2010 1659 2044 per
1683 2000 1796 2044 ipsum

337 2053 494 2082 nostrum
527 2048 716 2082 dominum.
787 2049 1073 2093 quemadmodum
1119 2051 1156 2082 in
1187 2048 1292 2082 rebus
1329 2047 1484 2081 externis
1518 2052 1643 2081 natura
1675 2047 1796 2081 rudem
1837 2052 1847 2064 ·

340 2100 504 2139 quantam
531 2096 711 2129 materiam
738 2096 883 2130 exhibet
911 2096 1110 2130 hominibus
1144 2106 1261 2140 neque
1287 2099 1326 2128 ut
1357 2094 1427 2128 ana
1450 2093 1600 2138 piurima
1625 2094 1667 2128 ad
1695 2104 1795 2128 usum

338 2142 423 2176 satis
456 2147 558 2186 apta,
601 2153 705 2187 quum
737 2149 883 2178 naturae
917 2144 952 2177 id
977 2144 1155 2187 proprium
1193 2143 1239 2176 sit
1280 2147 1318 2175 ut
1362 2151 1428 2186 pro
1467 2142 1607 2186 origine
1641 2151 1704 2175 sua
1736 2151 1794 2175 res

336 2190 430 2223 inter
454 2200 493 2223 se
519 2190 726 2223 coniunctas
752 2196 788 2225 et
810 2193 1027 2234 inseparatus
1057 2191 1254 2231 contineat,
1283 2193 1397 2222 tamen
1422 2193 1500 2222 utut
1525 2188 1702 2222 hominum
1727 2199 1793 2222 va-

336 2237 389 2271 ria
415 2236 566 2270 consilia
598 2238 767 2271 continuo
810 2238 990 2282 flagitant,
1023 2242 1134 2271 mutet
1167 2237 1283 2270 omnia
1319 2236 1418 2269 vario
1454 2236 1557 2269 modo
1595 2236 1632 2268 in
1670 2235 1792 2269 horum

336 2294 458 2317 usum:
487 2284 536 2318 ita
565 2294 708 2329 quoque
747 2286 888 2318 nomina
925 2296 967 2319 ac
1001 2284 1110 2318 verba
1154 2294 1234 2318 sese
1267 2282 1398 2316 habere
1423 2282 1651 2326 conspicuum
1680 2288 1734 2316 est
1759 2288 1794 2316 et

337 2332 530 2375 praecipue
559 2341 650 2375 quae
681 2332 945 2366 similitudinem
979 2332 1149 2373 reddant,
1176 2336 1337 2375 tanquam
1363 2330 1510 2363 materia
1535 2330 1703 2373 quaedam
1729 2340 1793 2373 per

338 2389 377 2412 se
404 2378 566 2419 confusa,
593 2383 670 2411 arte
686 2378 833 2413 formata
860 2384 895 2412 et
922 2380 964 2413 ad
989 2389 1088 2412 usum
1115 2378 1216 2411 modo
1240 2387 1304 2421 pro
1327 2377 1498 2421 singulari
1526 2377 1664 2410 ratione
1689 2378 1791 2410 mod-o

337 2435 402 2468 pro
436 2425 664 2459 scribentium
707 2431 771 2471 aut
802 2427 991 2460 dicentium
1029 2425 1244 2471 argumentis
1279 2424 1462 2457 commode
1493 2423 1648 2457 adhibita
1674 2428 1709 2457 et
1734 2425 1809 2467 in.-¹

338 2482 455 2506 versa.
506 2472 542 2505 in
583 2471 638 2505 his
670 2478 784 2506 autem
821 2473 1005 2507 architecti
1037 2478 1118 2507 sunt
1141 2472 1252 2505 nostri
1285 2471 1395 2504 sancti
1423 2470 1596 2504 eeclesiae
1620 2470 1792 2515 magistri,

338 2519 366 2553 si
396 2529 462 2552 nos
486 2529 614 2553 revera
640 2525 775 2562 patrum
814 2520 985 2554 bonorum
1021 2521 1113 2554 bonu
1138 2518 1258 2563 proles
1284 2518 1353 2551 dici
1380 2528 1496 2562 neque
1524 2527 1615 2562 qnae
1642 2517 1687 2551 ab
1717 2516 1813 2551 illisv

339 2566 516 2607 confecta,
544 2566 709 2601 volumus
728 2567 917 2610 suffodere,
944 2567 1153 2608 distrahere,
1178 2565 1407 2599 conscindere
1424 2570 1462 2598 ut
1475 2569 1631 2598 amentes
1643 2569 1682 2598 et
1708 2574 1792 2608 par-

337 2613 472 2646 ricidae
497 2613 555 2646 isti
587 2613 732 2656 faciunt,
759 2625 846 2659 quos
869 2615 1025 2658 perditos
1050 2613 1236 2654 scelestos,
1260 2612 1385 2656 dignos
1411 2612 1469 2656 qui
1498 2616 1658 2655 pereant,
1685 2621 1792 2645 exse-

339 2665 479 2693 crantur
508 2669 641 2694 omnes.
692 2672 801 2705 quare
830 2661 864 2695 S.
890 2661 1072 2705 apostolus
1096 2660 1217 2693 Petrus
1243 2659 1320 2692 dum
1342 2664 1462 2692 monet
1485 2669 1530 2692 ne
1553 2667 1670 2692 sacras
1699 2658 1792 2692 scri-

342 2711 462 2749 pturas
490 2706 722 2750 depravemus
766 2709 802 2742 in
827 2708 1018 2752 insolentia
1044 2707 1132 2741 haec
1157 2706 1260 2740 dicit:
1294 2706 1407 2739 “sicut
1433 2711 1468 2739 et
1494 2705 1694 2739 carissimus
1719 2705 1795 2739 fra-

335 2758 398 2788 ter
425 2757 547 2788 noster
571 2753 701 2791 Paulus
726 2755 918 2792 secundum
946 2756 1060 2791 datam
1085 2754 1152 2790 sibi
1185 2753 1391 2798 sapientiam
1426 2753 1568 2798 scripsit
1591 2752 1714 2797 vobis,
1740 2752 1794 2796 si,
