1826 3120
326 185 420 235 102
722 186 1021 233 Nlcl-:Pnolu
1068 182 1374 228 GREGORAE

320 295 451 355 φαλή,
470 294 517 339 τὸ
539 297 689 339 δοκοῦν
717 294 815 349 περὶ
842 289 900 336 ὧν
929 288 981 335 ἂν
999 291 1189 348 ἐροίμην,
1221 290 1446 347 ἀπόκριναι
1466 291 1520 336 σὺ
1541 289 1648 349 πρός
1666 294 1743 335 θεο
1787 326 1793 346 2¹

320 365 411 407 εἰπὲ
440 365 527 412 πῶς
554 365 714 404 πολλῶν
739 361 811 403 καὶ
836 362 1111 403 παντοδαπῶν
1140 360 1231 401 κατ’
1262 354 1402 402 ἄλλοτ’
1432 355 1585 410 ἄλλους
1608 357 1795 421 καιροὺςὲ

322 429 595 485 ἁμαρτόντων
621 428 842 484 ἀρχόντων
864 427 937 469 καὶ
966 424 1197 482 ἡγεμόνων,
1230 425 1280 467 οὔ
1302 426 1487 469 τοσαῦτα
1506 427 1581 469 καὶ
1603 423 1648 469 τὸ
1672 421 1786 482 ὑπή-

320 511 415 539 κοον
445 492 522 538 ὅσα
553 498 627 538 νῦν
657 496 909 537 πεπονθέναι
938 495 1233 546 συμπέπτωκε,
1263 491 1395 547 μικροὶ
1427 493 1470 534 δ’
1489 486 1563 535 οὖν
1591 486 1616 549 ἢ
1647 494 1790 537 οὐδέν..

317 562 461 605 ἔπειτα
489 565 576 611 πῶς
602 563 684 603 τῶν
714 561 935 616 ἀρχόντων
965 561 1132 618 ἐξουσίᾳ
1161 559 1212 603 τὰ
1233 562 1429 614 χείριστα
1459 558 1668 614 δρώντων,
1701 560 1795 602 αΰ·’

316 632 400 672 τῶν
426 630 504 683 μὲν
543 633 628 677 τοῖς
661 630 847 670 πλείοσιν
875 624 1024 683 ἥκιστα
1051 626 1230 681 πάσχειν
1258 626 1511 682 συμβαίνει,
1541 623 1711 683 σφόδρα
1741 628 1782 669 δ’

318 690 393 738 οὖν
419 701 504 745 τοῖς
529 695 753 750 ὑπηκόοις,
797 697 868 737 καὶ
897 695 1022 737 ταῦθ’
1060 693 1115 744 ὥς
1145 693 1196 736 τὰ
1233 691 1365 735 πολλὰ
1406 698 1493 742 τοῖς
1523 695 1681 735 πλείοσι
1707 692 1801 748 τὴν

316 765 400 804 τῶν
420 760 636 815 ἀρχόντων
654 759 821 804 ἐκείνων
841 763 1182 815 βδελυττομένοις
1200 763 1278 814 μὲν
1301 758 1463 814 κακίαν,
1484 757 1555 802 διὰ
1578 759 1780 817 δὲ’φόβον

316 830 542 885 φρίττουσί
565 843 610 870 τε
639 830 713 870 καί
740 828 1077 881 καταδυομένοις.

229 901 303 934 8⁰
449 897 542 938 Καὶ
566 897 627 944 τίς
658 897 763 937 θεοῦ
796 897 981 949 κρίματα
1011 893 1170 936 δύναιτ’
1198 888 1249 936 ἂν
1279 895 1466 950 ἐρευνᾶν,
1492 891 1779 951 ’Λγαθοῖγγελε

317 965 521 1020 φίλτατε,
551 952 591 1004 εἰ
618 965 696 1016 μὲν
715 961 794 1017 γὰρ
827 962 1024 1017 ἀλλήλοις
1052 957 1103 1016 ἧν
1129 959 1324 1016 ἀλλήλων
1349 954 1555 1016 γνώριμα,
1585 963 1658 1004 καί
1675 963 1779 1004 πᾶσι

315 1029 477 1071 πάντων
505 1028 620 1082 ἴσως,
652 1027 787 1071 ὁπόσα
821 1034 984 1083 ψυχαῖς
1014 1029 1228 1084 ἀπόρρητα
1261 1026 1563 1082 &azan-sicma,
1594 1024 1705 1082 εἶχεν
1728 1024 1798 1071 ἂν.

318 1094 431 1144 ὅπως
466 1097 566 1138 ποτέ
594 1111 655 1144 τις
698 1097 793 1149 μεθ’
825 1092 1188 1150 ὅποιασδηποτοῦν
1231 1098 1305 1150 τῆς
1343 1091 1508 1150 γνώμης
1537 1093 1588 1136 τοὶ
1616 1091 1780 1153 ἑκάστῳ

314 1160 513 1216 γινόμενα
546 1160 668 1211 εἰδώς
696 1161 986 1216 α’καπήλευτον
1012 1163 1203 1217 ἐκφέρειν
1234 1163 1387 1216 κρίσιν.
1445 1162 1519 1203 νῦν
1545 1162 1583 1219 ds
1606 1151 1781 1216 ὁρῶμεν

317 1226 374 1278 ὥς
404 1230 492 1271 οὐδ’
524 1229 650 1278 αὐτός
681 1245 745 1278 τις
769 1232 942 1278 ἕκαστος
983 1230 1141 1271 δύναιτ’
1171 1223 1223 1271 ἂν
1262 1225 1398 1287 ἐαυτῷ
1423 1230 1608 1283 συνορᾶν
1640 1227 1779 1282 ἆμαρ-

313 1297 495 1350 τοὶνοντι,
531 1293 595 1340 ὅτι
628 1312 673 1338 τε
702 1294 889 1350 μάλιστα
929 1294 1096 1338 πάντων
1135 1296 1233 1350 περὶ
1271 1293 1422 1338 ἑαυτὸν
1465 1294 1780 1359 ἐκτετύφλωται

310 1359 497 1416 μάλιστα
537 1363 702 1405 πάντων
744 1362 879 1420 ἑαυτῷ
922 1360 1201 1419 φιλούμενον,
1232 1366 1304 1405 καί
1326 1360 1392 1405 ὅθ’
1422 1359 1572 1419 ἥκιστα
1599 1359 1710 1405 οἶδεν
1739 1362 1781 1404 εἰ

310 1431 386 1472 τοῦ
418 1428 571 1485 χρόνου
605 1431 774 1487 ῥέοντος
805 1430 829 1485 ἡ
856 1435 979 1472 κακία
1008 1434 1129 1473 ποσίν
1164 1431 1333 1486 ἀδήλοις
1367 1431 1663 1485 ἑπιδραμοῦσα
1698 1430 1779 1470 δα-

312 1495 513 1552 πανήσει,
543 1498 683 1550 κύβων
713 1499 830 1551 δίκην
867 1500 1104 1550 μεταθεῖσα
1135 1496 1303 1539 σύνεσιν
1332 1497 1471 1554 αὐτῷ,
1502 1496 1574 1538 καί
1599 1492 1780 1538 vadumv-

311 1567 401 1606 τιόν
431 1559 559 1612 αὖθις
590 1560 661 1618 ἥγε
686 1565 736 1622 τῇ
757 1566 878 1622 κακίᾳ
893 1567 1115 1621 μαχομένη
1135 1564 1265 1621 φύσις
1287 1560 1490 1622 τάγαθοῦ.
1519 1563 1560 1606 εἰ
1586 1563 1633 1605 δὲ
1658 1563 1780 1604 τοῦθ’
1803 1611 1807 1615 ,

313 1628 447 1682 οὕτω,
488 1632 648 1672 πολλοῦ
685 1633 797 1683 μέντ’
842 1627 895 1674 ἂν
937 1632 1099 1687 δεήσειε
1139 1631 1188 1674 τοὶ
1235 1628 1387 1687 ἑτέρων
1427 1628 1595 1685 ἑτέρους
1621 1629 1778 1672 εἰδέναι

311 1699 422 1739 ποτέ.
479 1698 566 1755 θεῷ
594 1697 672 1752 γάρ
704 1695 817 1755 μόνῳ
849 1700 963 1740 τοῦτ’
996 1699 1198 1754 ἀπρόϊτον
1227 1692 1458 1754 τετήρηται’
1480 1712 1527 1752 γε
1556 1698 1629 1739 καί
1654 1710 1779 1739 τετα-

1079 1775 1089 1791 l

311 1871 523 1906 sententiam
550 1871 593 1905 de
623 1880 679 1913 eo,
699 1872 791 1916 quod
806 1877 992 1917 rogaturus
1013 1873 1090 1915 sim,
1115 1883 1180 1917 per
1193 1872 1296 1906 deum
1312 1871 1398 1906 mihi
1424 1880 1608 1916 expromas
1630 1870 1785 1917 quaeso,
1809 1867 1821 1914 J

313 1918 369 1952 dic
396 1917 495 1959 mihi,
525 1918 585 1962 qui
611 1919 682 1962 fiat,
708 1924 759 1960 ut,
788 1930 893 1963 quum
920 1920 1100 1963 principes
1126 1925 1231 1964 atque
1258 1920 1365 1953 duces
1390 1918 1491 1953 multi
1523 1924 1558 1952 et
1585 1919 1688 1962 varii,
1714 1918 1778 1953 alii

313 1965 394 1999 aliis
420 1966 638 2008 temporibus
665 1965 803 2000 scelera
831 1967 1086 2008 commiserint,
1125 1977 1244 2000 eorum
1271 1966 1423 2001 subiecti
1446 1976 1518 2000 non
1544 1966 1648 2000 tantis
1674 1966 1776 2000 mulis

310 2022 463 2056 unquam
489 2013 607 2045 affecti
634 2014 727 2055 sint,
770 2014 908 2057 quantis
941 2024 1034 2047 nunc
1059 2014 1278 2055 afficiuntur,
1317 2014 1378 2047 sed
1404 2013 1524 2057 parvis
1558 2012 1618 2047 vel
1643 2013 1774 2054 nullis3

312 2060 439 2094 deinde
478 2060 533 2092 dic
572 2059 679 2101 mihi,
717 2061 775 2104 qui
802 2061 885 2102 fiat,
913 2066 950 2094 ut
974 2061 1178 2105 principes,
1205 2071 1411 2106 quamquam
1437 2060 1591 2104 pessima
1617 2059 1775 2094 facinora
1817 2096 1826 2100 ‚

311 2110 536 2150 perpetrant,
573 2107 640 2150 ipsi
678 2106 887 2152 plerumque
919 2108 1079 2141 minimas
1113 2108 1230 2142 clades
1259 2107 1427 2149 subeant,
1466 2108 1633 2141 maximas
1658 2112 1773 2141 autem
1819 2143 1822 2148 ,

312 2163 432 2187 eorum
459 2152 602 2196 subditi,
631 2155 791 2197 quamvis
819 2165 939 2187 eorum
963 2156 1074 2188 maior
1093 2165 1173 2199 pars
1199 2154 1457 2198 improbitatem
1483 2155 1681 2198 principum
1707 2154 1773 2188 ab-
1819 2160 1824 2176 '-

310 2201 498 2242 ominetur,
524 2201 651 2234 timore
678 2201 1011 2235 autcm‘cohorreat
1044 2207 1149 2247 atque
1180 2202 1253 2236 illis
1280 2200 1412 2236 cedat?

446 2259 569 2301 „Quis,
596 2258 827 2293 dilectissime
851 2259 1115 2304 Agathangele,
1148 2261 1278 2294 iudicia
1302 2260 1359 2293 dei
1385 2260 1499 2303 possit
1522 2259 1716 2306 indagare?
1741 2261 1772 2295 si
1822 2267 1826 2274 ²

311 2306 404 2338 enim
430 2306 522 2339 alter
547 2305 694 2339 alterius
722 2311 757 2339 et
783 2317 904 2340 omnes
932 2308 1064 2350 pariter
1089 2308 1241 2340 omnium
1276 2317 1403 2341 arcana
1425 2306 1589 2349 consilia,
1617 2317 1708 2352 quae
1733 2308 1770 2341 iu

310 2353 434 2387 animis
460 2358 702 2395 reservantur,
731 2355 873 2398 cognita
899 2354 1083 2396 haberent,
1110 2365 1186 2388 cum
1206 2355 1343 2388 ratione
1367 2354 1512 2398 quadam
1531 2354 1660 2399 aliquis
1685 2355 1770 2388 uni-
1807 2357 1826 2379 ’-

308 2400 526 2444 uscuiusque
559 2400 736 2433 actionum
771 2402 906 2444 peritus
942 2402 979 2434 in
1021 2407 1221 2446 corruptum
1261 2402 1427 2435 iudicium
1471 2401 1592 2435 facere
1635 2407 1769 2445 posset.
1807 2400 1821 2413 ³

308 2457 403 2480 nunc
428 2453 545 2480 autem
570 2447 744 2489 videmus,
774 2458 845 2482 non
872 2458 934 2481 sua
960 2459 1133 2493 quemque
1169 2449 1279 2493 ipsius
1308 2453 1454 2492 peccata
1478 2458 1586 2491 posse
1612 2458 1769 2493 eognos-

310 2504 392 2527 cere
427 2499 617 2538 propterea
651 2496 744 2539 quod
774 2495 816 2528 de
850 2506 889 2529 se
927 2497 1076 2540 quisque
1102 2495 1146 2529 ob
1178 2496 1321 2529 nimium
1357 2496 1411 2529 sui
1442 2505 1595 2529 amorem
1619 2496 1769 2529 maxime
1820 2495 1822 2498 ’

310 2547 520 2574 occaecatus
546 2547 600 2575 est
623 2552 741 2585 neque
768 2543 846 2584 scit,
874 2553 956 2575 num
977 2542 1068 2576 forte
1086 2542 1229 2576 labente
1255 2548 1416 2585 tempore
1442 2542 1647 2586 improbitas
1676 2543 1768 2586 pede
1823 2584 1826 2586 q

309 2588 459 2621 obscuro
487 2598 656 2632 aggressa
680 2590 779 2634 quasi
807 2595 960 2623 tesseras
986 2590 1091 2623 animi
1111 2591 1329 2633 prudentiam
1351 2595 1525 2623 mutatura
1545 2594 1580 2623 et
1599 2589 1766 2633 absump-
1819 2594 1826 2599 ”

307 2640 387 2668 tura
413 2636 481 2676 sit,
510 2635 650 2669 bonitas
677 2646 765 2670 vero
799 2637 1013 2680 improbitati
1049 2647 1250 2681 repugnans
1285 2647 1328 2670 ex
1356 2637 1532 2670 contrario
1558 2646 1679 2670 rursus
1704 2637 1763 2670 in-

307 2692 452 2715 cessura
478 2682 535 2715 sit.
598 2684 628 2716 si
660 2683 728 2717 hoc
764 2685 812 2717 ita
839 2689 904 2725 est,
932 2684 1077 2718 multum
1102 2684 1226 2726 aberit,
1259 2689 1298 2719 ut
1331 2683 1480 2717 alterum
1506 2683 1597 2718 aiter
1620 2683 1769 2728 perspi-

307 2729 391 2763 ciat.
440 2729 506 2762 deo
534 2730 627 2763 enim
652 2730 720 2765 soli
751 2731 819 2764 hoc
852 2731 1072 2765 inaccessum
1109 2737 1271 2766 servatur
1303 2735 1409 2775 atque
1434 2731 1581 2776 regitur,
1609 2731 1667 2776 qui
1694 2730 1764 2764 ho-

306 2776 434 2810 minem
459 2773 551 2810 bene
580 2776 768 2812 facientem
795 2778 902 2813 vitam
941 2783 1099 2813 acturum
1125 2778 1399 2823 placidissimam
1423 2788 1547 2822 pacem
1573 2779 1763 2822 spirantem
1788 2793 1796 2825 χ

1789 2865 1803 2882 Ι
