1826 3120
296 162 393 213 810
542 160 560 193 ³
653 159 657 163 ’
697 162 995 214 memnoni
1037 168 1344 215 eunomiam

1821 223 1826 238 ε

297 275 444 319 οὐσίαν
474 293 544 320 και
573 273 674 319 αλλο
703 277 912 332 ἐνέργειαν
941 281 1024 319 τῶν
1053 278 1184 320 πάλαι
1210 281 1339 335 τινές,
1371 279 1428 330 ὥς
1457 281 1529 325 ἐπὶ
1547 282 1640 326 τόν
1670 289 1757 330 σω·
1815 271 1826 347 3

295 351 480 397 ματικῶς
506 348 813 400 θεωρουμένων
834 376 845 398 ,
891 342 1001 388 οὕτω
1033 343 1086 401 δὴ
1117 344 1223 388 κιῖπι
1247 348 1322 388 τοῦ
1357 350 1477 391 θείου
1516 346 1640 404 λόγου
1669 352 1756 394 311⁶-

296 413 434 453 θεντο.
498 408 601 465 ὃήερ
633 417 716 460 τοῖς
746 410 963 464 εὕσεβέσιν
994 409 1235 467 ἐπείρηται.
1294 412 1365 455 ἐπι
1385 413 1466 468 γὰρ
1497 417 1580 458 τῶν
1610 415 1757 461 ἁπλῶν
1811 446 1826 463 =.

296 477 370 519 καί
398 476 634 531 ἀσωμάτων
675 480 719 520 ἐν
763 478 904 520 ου’δενί
941 479 1163 535 διαφέρειν
1204 478 1376 522 ἴσασιν·
1432 482 1487 523 ου’
1511 482 1757 540 γὰρδιορι-

296 547 418 586 στέον
451 546 585 585 ταῦτα
618 546 694 585 α’λλ
700 544 823 599 η’λων,
853 545 923 587 ἵνα
954 543 1013 599 μή
1045 543 1249 588 συνθετον
1287 546 1333 590 τὸ
1362 547 1467 604 ὑπὲρ
1499 552 1640 593 πᾶσαν
1671 551 1792 593 ἀνι-*5

297 609 448 666 λότητα
475 606 633 665 νὸἦται.
708 627 803 653 ουτε
843 611 925 668 γάρ
970 612 994 668 ἦ
1025 615 1121 654 θεία
1154 613 1279 656 ουσία
1311 615 1573 672 α’νενέργητος
1601 616 1665 674 εἴη
1706 634 1759 660 αν

159 676 407 729 Qunam,
439 673 527 718 ουτ’
559 676 751 728 α’νούσιος
779 679 815 734 ἦ
848 677 1075 734 ιέιέργειοι.υ
1147 680 1315 730 α’κούεις
1345 698 1428 725 των
1454 681 1580 738 ἱερῶν
1610 686 1759 728 διδασ-

294 741 432 784 κάλων
471 745 546 797 τῆς
586 745 804 800 ἑκκλησιας
831 746 946 800 παρὰ
978 748 1176 789 τοσοῦτον
1206 749 1256 804 τῇ
1292 749 1417 808 οὐσίᾳ
1446 749 1524 806 τὴν,
1548 753 1760 807 ἐνέργειαν

295 807 338 850 ἓν
364 826 432 851 και
459 809 616 853 ταύτὸν
646 813 715 854 ἐπί
745 814 856 854 θεοῦ
887 814 1245 868 δογματιζόιιων,
1277 820 1377 869 παρ’
1405 812 1500 860 ὅσον
1529 821 1604 862 και
1631 821 1759 862 αντε-

294 877 484 931 νέργειαν
521 881 697 921 καλοῦσι
729 878 798 921 διὰ
829 878 903 935 την
964 878 1099 935 ἄκραν
1138 880 1396 939 ταυτότητα,
1439 884 1496 934 ὥς
1536 887 1638 942 μηδ’
1676 867 1826 947 ‹nx-10}

296 959 361 998 ρις
393 945 579 994 ἐπινοίας
602 945 891 1002 παρακύπτειν
931 950 1022 990 ἐκεῖ
1053 950 1287 1006 δυναμέιης
1327 953 1540 1008 διαφορᾶς
1573 951 1760 997 οἷᾱσσΰν.

295 1007 462 1059 οἷκούεις
506 1013 545 1052 δ’
587 1010 648 1055 ἔτι
695 1013 767 1055 καί
811 1010 911 1070 ὅπερ
954 1031 1021 1058 σοι
1065 1016 1257 1072 αἰωτέρω
1313 1018 1629 1074 δεδηλώκαμεν·
1701 1022 1755 1063 σύ
1824 1064 1826 1067 ,

293 1076 373 1132 γάρ
419 1076 555 1132 ἔλεγες
604 1080 877 1135 α’νενέργητον
919 1081 1000 1124 τότ’
1041 1078 1145 1124 εἷιαι
1190 1082 1266 1138 την
1306 1087 1429 1127 θείαν
1472 1088 1635 1139 μᾶλλον
1682 1089 1760 1129 ου’-

295 1146 391 1186 σιάν
440 1140 540 1186 ὅταν
584 1147 628 1187 ἓν
672 1150 744 1188 καί
781 1147 929 1190 ταύτὸν
967 1152 1136 1206 λέγηται
1179 1167 1333 1206 αμφω,
1378 1151 1472 1195 τότε
1524 1154 1563 1194 δ’
1614 1151 1758 1211 ἐνεργῆ
1819 1146 1822 1149 V

297 1207 400 1253 ὅταν
435 1205 463 1270 ᾗ
501 1214 754 1271 διῃρημένα,
787 1221 959 1271 πρᾶγμα
1001 1218 1371 1272 τερατωῦέστατόν
1411 1235 1453 1261 τε
1482 1222 1554 1262 καί
1590 1218 1757 1275 αμαθέ-
1773 1228 1815 1269 15

295 1294 464 1329 στατον,
495 1296 563 1321 και
592 1280 652 1336 μὴ
683 1285 820 1324 πᾶσαν
859 1280 986 1335 μόνον
1017 1283 1236 1338 ἐκπλῆττον
1267 1285 1395 1340 α’κοην
1435 1288 1486 1344 τῇ
1513 1287 1757 1349 α’βελτηρίᾳ,

230 1348 236 1355 ”
296 1341 360 1387 ὅτι
390 1363 448 1402 μη
481 1363 550 1388 και
581 1347 681 1398 wig
710 1365 871 1406 σοφους
901 1352 1098 1393 τουτουσί
1122 1351 1402 1402 διδασκάλους
1438 1355 1512 1409 τῆς
1539 1356 1757 1410 ἐκκλησίας

296 1417 589 1469 συκοφαντοῦν
618 1416 778 1480 οἷδεῶς·
839 1418 890 1458 ου’
923 1417 1003 1473 γάρ
1033 1420 1267 1472 διοριστέον
1293 1420 1426 1462 ταῦτα
1463 1421 1594 1477 φασίν
1624 1421 1757 1478 α’λλή-

300 1484 382 1522 λων
413 1482 573 1535 ἐκεῖνοι,
605 1483 673 1525 ἵνα
701 1500 745 1526 τε
771 1485 878 1540 μήτε
917 1484 1120 1527 σύνθετον
1151 1484 1196 1527 τὸ
1236 1485 1338 1541 ὑπὲρ
1377 1489 1518 1530 πᾶσαν
1549 1487 1758 1545 ἁπλότητα

139 1552 286 1589 1..145r
300 1551 462 1629 νοῆται,
494 1566 560 1591 και
598 1550 664 1592 ι’να
695 1548 801 1605 μήθ’
841 1551 865 1606 ἢ
914 1551 1038 1594 ουσία
1073 1551 1344 1608 οἷιειέργητος
1370 1553 1434 1609 εἰη
1463 1570 1513 1596 αν
1539 1569 1637 1597 ποτε
1663 1553 1747 1611 μήτ
1752 1557 1819 1603 ’20

299 1613 496 1665 ανούσιος
525 1617 551 1671 ἦ
581 1619 782 1672 ἐνέργεια.

209 1690 281 1725 ol
431 1683 555 1739 Πρὸς
587 1689 715 1727 ταῦτα
760 1685 780 1727 ὅ
814 1689 1031 1739 Παλαμᾶς
1070 1685 1295 1742 ἀντιλέγων
1327 1687 1460 1731 κοινὸν
1497 1691 1575 1743 μὲν
1606 1688 1760 1747 ἔφησεν

1821 999 1826 1026 ἑ

297 1864 494 1908 priscorum
529 1865 667 1909 quidam
702 1871 741 1899 ut
783 1867 820 1900 in
855 1867 897 1901 iis
935 1878 1025 1912 quae
1062 1869 1096 1902 in
1139 1862 1346 1912 corporibus
1386 1869 1669 1914 perspiciuntur,
1710 1872 1758 1906 ita

301 1912 405 1945 etiam
431 1912 468 1944 in
495 1912 613 1946 divina
639 1913 777 1947 ratione
803 1921 1010 1958 posuerunt,
1037 1915 1071 1949 id
1097 1916 1189 1960 quod
1218 1916 1266 1959 pii
1292 1917 1397 1950 vetiti
1425 1922 1526 1951 sunt:
1555 1917 1591 1950 in
1617 1918 1757 1963 simpli..

301 1959 399 1992 cibus
428 1960 519 1992 enim
547 1965 581 1993 et
608 1961 831 2004 incorporeis
855 1962 955 1995 nullo
984 1963 1087 1997 modo
1114 1962 1178 1996 illa
1204 1963 1345 1997 diversa
1372 1974 1451 1997 esse
1481 1964 1610 2006 sciunt,
1640 1976 1762 2011 neque

302 2007 395 2040 enim
420 2007 668 2052 distinguenda
693 2013 774 2041 sunt
799 2019 819 2042 a
839 2019 878 2042 se
904 2010 1058 2044 invicem
1084 2009 1191 2052 haec,
1231 2021 1278 2043 ne
1318 2011 1550 2066 compositum
1579 2014 1757 2068 cogitetur

297 2054 333 2087 id
360 2054 452 2098 quod
494 2065 631 2088 omnem
664 2055 926 2099 simplicitatem
963 2063 1126 2101 superat,
1162 2068 1280 2103 neque
1320 2058 1411 2090 enim
1449 2058 1570 2093 divina
1603 2061 1757 2094 essentia

298 2112 450 2145 unquam
481 2112 560 2135 esse
586 2108 704 2146 potest
739 2104 926 2146 inefficax,
965 2115 1083 2148 neque
1118 2105 1310 2138 efficientia
1346 2105 1599 2140 inessentialia.
1647 2108 1755 2146 audis

299 2154 439 2182 sanctos
468 2149 646 2183 ecciesiae
673 2157 924 2195 praeceptores
950 2157 1082 2185 tantum
1108 2163 1185 2185 cum
1215 2153 1370 2185 essentia
1397 2151 1623 2186 efficientiam
1649 2165 1755 2188 unum

298 2196 461 2240 idemque
489 2207 567 2230 esse
593 2197 629 2230 in
652 2198 741 2230 deo.
747 2204 948 2240 censentes,
976 2204 1140 2243 quantum
1167 2199 1269 2232 etiam
1295 2200 1406 2243 ipsam
1432 2200 1660 2234 efficientiam
1687 2211 1755 2235 vo..

300 2248 381 2275 cant
408 2253 481 2276 eam
507 2250 653 2287 propter
680 2256 849 2278 summum
874 2246 1085 2280 discriminis
1117 2246 1314 2287 defectum,
1343 2247 1391 2280 ita
1417 2252 1456 2280 ut
1481 2257 1526 2280 nc
1551 2248 1587 2281 in
1614 2250 1755 2294 cogita-

298 2291 431 2323 tionem
467 2291 607 2335 quidem
650 2292 830 2326 insinuare
866 2293 915 2325 ibi
952 2293 1065 2337 possit
1103 2293 1301 2327 differentia
1336 2292 1612 2339 qualiscunque3
1656 2296 1756 2330 audis

297 2347 405 2382 porro
434 2339 537 2371 etiam
567 2339 601 2372 id
628 2339 719 2383 quod
745 2349 850 2384 supra
875 2340 938 2373 tibi
968 2340 1296 2374 demonstravimus.
1348 2345 1385 2374 tu
1413 2342 1504 2375 enim
1529 2341 1671 2376 dicebas
1696 2343 1755 2376 in..

301 2384 482 2418 efficacem
518 2391 589 2419 tum
624 2397 703 2419 esse
737 2387 890 2421 divinam
930 2388 1047 2431 potius
1083 2388 1298 2430 essentiam,
1341 2397 1417 2420 cum
1462 2389 1623 2423 dicantur
1654 2390 1754 2426 ambo

300 2442 406 2465 unum
429 2433 592 2477 idemque
622 2444 712 2474 esse,
740 2439 811 2467 tum
835 2440 951 2468 autem
979 2435 1173 2477 efficacem,
1210 2445 1288 2468 cum
1317 2435 1387 2469 sint
1414 2435 1548 2469 divisa.
1582 2446 1672 2481 quae
1698 2447 1755 2471 res

304 2485 357 2513 est
383 2480 543 2513 miraculi
572 2486 606 2513 et
625 2481 848 2525 ignoiantiae
872 2481 1078 2525 plenissima
1105 2487 1139 2515 et
1165 2492 1254 2526 quac
1279 2488 1411 2516 tantum
1438 2493 1508 2516 non
1524 2492 1644 2518 omnes
1670 2494 1755 2528 per-

302 2527 421 2560 turbet
446 2537 549 2560 aures
577 2528 762 2569 stultitiae,
788 2529 899 2562 multo
927 2530 1037 2574 magis
1065 2530 1167 2563 etiam
1195 2530 1375 2572 sapientes
1413 2529 1477 2563 hos
1503 2530 1791 2575 praeceptoresv

302 2573 478 2607 ecclesiae
513 2575 718 2608 criminetur
753 2576 995 2619 impudenter,
1029 2586 1146 2621 neque
1173 2577 1263 2609 enim
1290 2578 1536 2622 distinguenda
1563 2587 1642 2612 esse
1667 2577 1757 2613 haec

300 2622 420 2654 dicunt
446 2621 500 2654 illi
526 2632 546 2655 a
579 2632 618 2655 se
646 2623 821 2665 invicem,
855 2633 901 2656 ne
935 2624 1163 2668 compositum
1190 2625 1366 2668 cogitetur
1393 2624 1485 2669 quod
1511 2634 1647 2658 omnem
1671 2626 1757 2659 sim..

299 2668 494 2713 plicitatem
521 2674 688 2713 superat,
717 2679 810 2704 neve
845 2681 994 2716 unquam
1020 2671 1067 2713 sit
1091 2680 1207 2715 neque
1235 2671 1388 2705 essentia
1414 2671 1601 2715 inefficax,
1640 2682 1757 2717 neque

302 2715 496 2749 efficientia
523 2716 775 2751 inessentialis.

434 2775 487 2809 Ad
513 2774 603 2808 hacc
625 2774 782 2812 Palnmas
808 2777 1052 2822 respondens:
1081 2787 1263 2813 commune
1288 2788 1366 2815 esse
1383 2777 1509 2825 dogma
1532 2783 1757 2814 ‘externorum
