1800 3132
324 116 624 182 msromAE
662 135 1010 183 nYzAN’rmAn
1025 141 1151 186 xxv.
1174 130 1264 186 30.
1292 130 1383 186 31.
1540 139 1601 188 57

107 246 437 303 ’ωιμαίρεσθαι
468 249 508 289 δ’
536 243 612 291 οὖν
642 248 714 291 καί
744 249 844 304 ἧμῖν
874 245 988 302 ὅπως
1028 253 1128 293 ποτὲ
1159 249 1214 294 τὰ
1244 250 1447 307 γινόμενα
1476 254 1605 296 δίδω-

103 309 200 356 few
227 312 287 362 οἷς
318 315 497 365 πλοῦτος
529 317 601 358 καί
626 315 726 368 δόξα
760 316 835 359 καί
871 317 1105 371 αὐτόνομος
1134 319 1304 370 ἐξουσία
1344 321 1606 377 σαφέστερον

111 383 124 388 ”
200 377 363 438 ’ροόπου
405 382 582 438 δηλοῦσι
625 384 794 439 γνώμην
839 385 913 427 καί
937 385 1070 442 φύσιν
1110 380 1136 442 ἢ
1170 389 1292 429 πενία
1323 385 1397 429 καί
1424 386 1606 440 ὖπεξοιὶ-

773 648 793 664 Ν
923 657 942 667 υ

98 645 263 714 jutum
290 651 434 707 γέγονε
460 653 618 708 χρόνον
637 685 649 707 ,
679 670 731 695 τα
768 657 853 710 ηθη
879 671 965 697 ιων
993 657 1202 699 πλείστων
1229 653 1372 714 ὥσπερ
1400 654 1607 713 χρώμασι

108 714 216 768 suffe
245 715 405 771 ἔξωθεν
435 720 746 776 ἐπιτηδεύμασι
781 720 827 764 τὸ
871 725 945 778 τῆς
987 723 1155 779 γνώμης
1190 724 1407 779 βάπτοντα
1435 722 1609 780 πρόσω-

82 790 220 830 :abov-
278 785 336 835 ὥς
365 788 567 831 ἐντεῦθεν
597 790 752 841 ἐξεῖναι
781 787 1080 845 διδάσκεσθαι,
1114 786 1176 840 οἷς
1206 791 1438 850 συνῴκισεν
1468 792 1493 848 ἦ
1518 792 1607 849 φύ-

128 868 197 904 σις
225 851 424 910 σύνεσιν,
462 857 625 912 μηδένα
655 858 909 913 μακαρίζειν
923 859 1039 914 ,πρίν
1076 854 1127 900 ἂν
1165 860 1225 908 εἰς
1254 861 1370 909 τέλος
1398 859 1605 916 ἀφίκηται

94 920 204 966 καὶ
226 924 342 973 τέλος
373 923 524 982 κάμψῃ
547 926 658 978 βίου,
685 926 788 982 μηδ’
821 921 878 968 αὖ
908 924 979 969 διά
1010 924 1108 976 τούς
1136 925 1235 982 πρίν
1266 925 1529 983 ἁμαρτάνειν
1563 930 1608 970 ἐν

78 985 208 1049 ]χβι’ᾠ
236 987 449 1046 νοσήμασι
476 994 548 1034 καὶ
576 992 804 1049 διαφόροις
833 989 993 1036 πάθεσι
1018 994 1323 1048 κολαζομένους
1353 997 1608 1052 μέμφεσθαι
1638 1016 1643 1023 ·

81 1102 84 1107 ,
128 1058 183 1115 τῇ
210 1056 402 1117 προνοίᾳ.
462 1053 551 1101 οἶδε
581 1059 662 1116 γάρ
682 1060 721 1102 'o‘
747 1059 883 1104 πάντα
917 1060 1024 1116 πρὸς
1054 1060 1100 1103 τό
1141 1064 1308 1116 βέλτιον
1337 1063 1607 1115 μετασκευά-

129 1123 226 1177 {ab
255 1122 358 1174 θεὸς
399 1124 444 1168 τό
488 1125 683 1184 καθάπερ
734 1130 779 1171 έν
825 1129 982 1187 σποδιᾷ
1017 1131 1069 1187 τῇ
1111 1127 1256 1187 γνώμῃ
1299 1130 1490 1183 κείμενον
1518 1131 1603 1183 πῦρ

12 1190 13 1234 ]
127 1191 162 1219 ¹‘
181 1191 263 1248 ’τῆς
292 1187 552 1249 φιλοδοξίας,
581 1194 639 1244 ὥς
667 1194 743 1238 ἐὰν
761 1196 973 1253 δράξηταί
996 1211 1108 1247 τινος
1136 1194 1285 1253 ῥώμης
1310 1196 1505 1252 κινούσης
1535 1192 1604 1240 οἷα
1623 1206 1648 1241 f.
1667 1205 1732 1243 108
1746 1205 1782 1241 b.

102 1261 269 1317 ’πνοῆς,
301 1259 461 1317 πολλὴν
499 1261 705 1317 α’νεγείρει
752 1265 892 1321 φλόγα
923 1266 1083 1314 κακίας.
1125 1266 1180 1306 ου’
1206 1266 1322 1317 μέντ’
1351 1259 1405 1307 ἂν
1434 1260 1510 1306 οὖν
1539 1264 1605 1320 εἴη

26 1323 77 1396 ff
126 1328 210 1372 ῐόν
238 1326 488 1382 α’πεικόῐων,
516 1331 558 1373 εἷ
585 1330 783 1375 ἁπάντων
799 1332 1000 1385 καθάπαξ
1030 1334 1164 1377 εἰπεῖν
1191 1332 1296 1376 κοῖπί
1321 1334 1425 1390 τῷδε
1455 1332 1608 1389 τάνδρὶ

31 1450 61 1458 ‚⁴
127 1398 425 1455 πλανηθέντων
474 1400 782 1456 πεπλανὴμεθα
823 1403 896 1443 καί
935 1401 1083 1456 ἡμεῖς,
1124 1403 1201 1443 τοῦ
1232 1400 1339 1456 πρὸς
1373 1404 1523 1443 κακίαν
1555 1399 1606 1442 οὔ

128 1463 246 1519 μάλα
289 1459 463 1520 ἑτοίμου
500 1468 683 1525 μηδαμῇ
721 1466 828 1523 πρὸς
870 1468 1075 1511 ὑπόνοιαν
1116 1469 1306 1524 εὐχερῶς
1336 1469 1604 1521 κινουμένου.

24 1592 26 1594 q
129 1531 388 1586 θαυμαστόν
433 1535 474 1576 δ’
515 1531 569 1578 ἂν
615 1535 753 1592 δήπου
794 1538 957 1590 μᾶλλον
995 1534 1059 1591 εἴη
1092 1538 1180 1586 πῶς
1223 1537 1423 1579 τοσοῦτον
1452 1533 1608 1592 χρόνον

128 1597 305 1654 ἐπέσχε
333 1600 476 1652 νόθοις
503 1605 584 1656 μὲν
603 1601 820 1646 δουλεύων
848 1599 987 1659 ἤθεσι,
1018 1603 1067 1646 τὰ
1100 1604 1138 1645 δ’
1158 1604 1291 1646 οἰκεῖα
1313 1601 1606 1659 συγκρύπτων,

47 1672 79 1720 j
128 1667 304 1724 πρᾶγμα
337 1670 676 1726 δυσμαχώτατον
704 1669 778 1714 καί
810 1669 979 1728 σφόδρα
1008 1674 1056 1726 γέ
1083 1686 1123 1714 τι
1154 1673 1508 1729 δυσκαρτέρητον.
1569 1670 1610 1714 εἰ

29 1846 38 1861 .;
66 1879 67 1882 Ἰ
131 1844 251 1876 autem
276 1841 416 1876 arcanis
444 1841 652 1888 quibusdam
676 1842 930 1878 Providentiae
958 1842 1155 1877 rationibus
1172 1847 1356 1888 reguntur.
1406 1851 1523 1876 rerum
1537 1850 1608 1876 no-

33 1892 68 1936 ᾗ,
105 1913 114 1921 .
131 1889 264 1933 bisses,
289 1899 382 1935 quae
405 1899 500 1924 nunc
526 1896 713 1936 geruntur,
740 1892 890 1936 quodam
905 1892 1008 1925 modo
1023 1891 1235 1925 documento
1253 1901 1335 1925 esse
1359 1894 1521 1935 possunt,
1551 1890 1608 1924 di..

94 1971 96 1974 .
133 1937 240 1972 vitias
276 1936 502 1983 gloriamque
539 1949 580 1972 ac
618 1938 766 1973 liberam
800 1944 1013 1984 potestatem
1043 1938 1234 1974 dilucidius
1270 1938 1422 1972 hominis
1458 1937 1609 1972 consilia

26 1991 43 2006 “’
126 1987 240 2030 'atque
266 1984 422 2020 indolem
445 1985 644 2029 declarare,
658 1997 762 2032 quam
788 1993 982 2033 egestatem
998 1988 1178 2032 vitamque
1203 1986 1284 2021 aliis
1309 1985 1510 2021 obnoxiam.
1540 1986 1608 2020 ob..

132 2032 282 2068 scuritas
311 2034 404 2067 enim
430 2033 587 2079 ingloria
613 2035 736 2070 invitis
762 2036 923 2069 iniuncta
946 2035 1074 2070 similis
1098 2040 1153 2069 est
1167 2035 1312 2070 vinculo
1341 2035 1436 2080 quod
1462 2043 1610 2079 procu-

131 2081 259 2127 iusque
282 2081 431 2116 arbitrio
457 2081 569 2116 laxari
597 2088 764 2128 nequeat.
816 2094 926 2128 quare
954 2083 1166 2128 plerumque
1194 2093 1266 2117 non
1293 2082 1408 2117 solum
1434 2082 1608 2115 remotio-

101 2160 111 2169 ,
129 2128 246 2172 ribus,
272 2129 335 2163 sed
362 2130 468 2163 etiam
492 2131 550 2172 iis,
580 2131 639 2175 qui
668 2131 812 2175 longum
826 2142 890 2175 per
915 2137 1052 2175 tempus
1065 2142 1144 2165 cuni
1172 2132 1217 2166 iis
1245 2130 1493 2172 versabantur,
1521 2139 1609 2163 vera

133 2176 240 2211 animi
263 2176 403 2211 indoles
431 2177 664 2222 plurimorum
684 2179 808 2224 ignota
833 2184 900 2222 est,
916 2181 1048 2224 quippe
1075 2189 1182 2224 quum
1211 2179 1237 2212 ii
1264 2179 1389 2213 studiis
1416 2178 1490 2212 suis
1517 2187 1610 2222 quae

68 2253 76 2259 .
107 2256 109 2259 .
132 2234 218 2270 prae
242 2234 283 2270 se
311 2224 444 2267 ferunt,
470 2231 636 2271 tanquam
665 2227 847 2261 coloribus
873 2228 979 2260 animi
1009 2227 1136 2260 faciem
1162 2227 1331 2260 imbuant.
1360 2226 1442 2259 inde
1469 2226 1609 2268 discere

131 2272 243 2325 licet)
268 2272 396 2318 quibus
421 2279 545 2308 natura
573 2275 794 2318 prudentiam
823 2275 939 2317 dedit,
966 2275 1144 2308 neminem
1186 2274 1329 2308 felicem
1365 2284 1445 2308 esse
1479 2273 1609 2307 dicen-

132 2321 227 2363 dum,
253 2321 458 2366 priusquam
485 2322 529 2356 ad
553 2322 658 2356 finem
688 2324 831 2357 venerit
858 2328 893 2356 et
919 2323 1026 2357 vitam
1054 2333 1132 2355 cum
1165 2327 1279 2356 morte
1306 2321 1608 2362 commutaverit,

133 2370 251 2414 neque
279 2378 367 2403 vero
394 2367 659 2404 Providentiam
685 2371 913 2404 incusandum
950 2380 1030 2404 esse
1048 2394 1058 2412 ,
1093 2370 1123 2403 si
1163 2370 1223 2415 qui
1250 2370 1354 2403 etiam
1372 2394 1383 2412 ,
1419 2374 1608 2413 antequam

79 2446 86 2453 .
134 2421 282 2462 peccata
307 2417 563 2459 commiserint,
590 2418 722 2452 morbis
750 2424 785 2451 et
811 2418 920 2452 variis
950 2417 1210 2452 calamitatibus
1238 2419 1470 2462 castigentur.
1521 2416 1609 2450 deus

14 2495 45 2502 ,-
134 2465 240 2507 enim,
271 2464 332 2510 qui
360 2474 483 2499 omnes
510 2476 567 2499 res
594 2465 631 2499 in
656 2466 785 2500 melius
811 2466 976 2508 traducit,
1003 2466 1072 2500 scit
1099 2466 1302 2510 cupiditatis
1329 2465 1469 2510 gloriae
1488 2464 1608 2509 ignem

10 2513 39 2556 ,2
77 2548 91 2552 ,
134 2513 172 2547 in
197 2512 314 2547 annno
346 2513 447 2557 quasi
472 2513 538 2547 sub
563 2514 686 2548 cinere
712 2513 895 2556 latentem,
923 2514 981 2558 qui
1009 2513 1119 2547 robur
1149 2513 1322 2558 quoddam
1350 2517 1499 2554 nactus,
1537 2521 1608 2556 quo

134 2565 300 2606 tanquam
328 2559 413 2594 flatu
437 2566 638 2603 moveatur,
666 2573 830 2607 magnum
860 2562 1062 2595 incendium
1091 2560 1327 2605 improbitatis
1366 2559 1608 2594 exsuscitatu-

134 2618 195 2642 rus
223 2608 281 2642 sit.
306 2617 379 2642 non
406 2609 518 2653 igitur
544 2610 593 2642 ita
619 2610 746 2644 mirum
771 2615 877 2655 atque
906 2610 1224 2643 inconsentaneum
1252 2615 1318 2651 est,
1345 2609 1374 2643 si
1400 2607 1443 2640 ab
1471 2617 1514 2640 eo
1540 2606 1610 2639 ho-

134 2656 245 2698 mine,
269 2654 424 2700 absxquo
450 2666 573 2690 omnes
588 2667 733 2701 prorsus
752 2657 980 2699 fallebantur,
1010 2658 1115 2691 etiam
1140 2666 1206 2690 nos
1234 2656 1459 2697 fallebamur,
1492 2665 1610 2699 quum,

139 2703 200 2748 qui
229 2703 308 2748 ipse
345 2703 388 2737 ad
415 2703 677 2748 improbitatem
702 2716 774 2740 non
800 2705 982 2740 admodum
1008 2715 1208 2750 propensus
1235 2705 1281 2740 sit
1298 2730 1309 2747 ‚
1342 2703 1612 2748 haudquaquam

145 2750 255 2786 facile
283 2749 326 2785 ad
352 2752 601 2796 suspicandum
629 2754 834 2789 adducatur.
861 2754 975 2800 magis
1006 2759 1121 2789 autem
1147 2753 1225 2798 quis
1249 2753 1370 2787 mirari
1397 2751 1523 2797 possit,
1541 2759 1611 2796 quo
