1786 3138
296 131 396 189 420
646 153 670 162 -·
693 130 992 189 mmmmm
1032 139 1336 190 eamcam

301 251 481 308 πεύηται
508 249 809 308 ὖβριζόμενον·
867 247 891 292 o‘
918 249 1000 306 γὰρ
1030 252 1103 305 τῆς
1134 247 1410 305 ὀφειλομένης
1434 245 1680 304 ἀποστερῶν
1692 261 1733 290 τι

299 319 383 375 μῆς
411 316 460 359 οῦ
487 319 650 373 μᾶλλον
679 318 790 374 τιμᾷ,
811 317 873 374 τῷ
903 316 1111 373 δεδομένῳ
1151 313 1179 371 ἢ
1222 314 1418 370 ἀτιμάζει
1448 314 1510 373 τῷ
1541 311 1732 371 ὗφαιρου

301 385 427 441 μένῳ,
457 384 535 426 κᾶν
565 384 847 440 προσποίησιν
877 382 954 439 ἔχῃ
979 383 1105 437 τιμῆς
1130 381 1176 424 τό
1204 379 1457 438 γινόμενον.”

215 457 285 491 ⁸1
432 450 557 508 Ὁρᾷς
585 452 675 499 πῶς
703 448 748 492 τὸ
774 448 834 504 μὴ
863 449 1157 505 προσηκόντως
1185 450 1334 503 τιμᾶν,
1366 446 1455 489 ἀλλ’
1489 445 1736 507 ’ᾇπερβαίνει

306 522 442 561 δοκεῖν
479 517 574 568 τούς
601 516 925 571 νενομισμένους
963 514 1105 572 ὅρους,
1142 513 1306 572 ὕβρεως
1339 515 1468 558 τίκτει
1503 514 1703 572 καρπούς.
1731 529 1758 577 η

304 585 385 642 γὰρ
415 587 489 627 τοῦ
518 582 854 639 ὑπερβάλλοντος
892 582 1135 638 παρενθήκη
1165 582 1334 638 ἔλεγχος
1374 581 1536 643 γίνεται
1557 583 1631 624 τοῦ
1660 579 1738 637 πρί

305 652 501 700 ἐλλιποῦς
529 650 603 691 καί
633 649 683 690 ού
710 651 873 704 μᾶλλον
914 650 1089 691 δίδωσιν
1134 646 1161 704 ἢ
1205 651 1369 704 ζημιοῖ,
1398 646 1750 706 περιφανεστέραΙ

307 718 488 759 ποιοῦσα
516 718 589 770 τῆς
623 715 809 771 άληθοῦς
838 717 962 770 τιμῆς
992 714 1066 771 τὴν
1095 713 1324 772 ὑφαίρεσιν
1353 714 1381 771 ἢ
1400 714 1474 771 τὴν
1495 712 1760 770 πεπορισμέ-

305 799 379 839 νην
405 784 557 838 ταύτης
586 782 790 833 ἐπίτασιν,
824 781 880 831 ὥς
905 782 1160 824 κινδυνεύειν
1187 783 1231 824 ἐν
1260 784 1314 838 τῇ
1340 782 1415 824 τοῦ
1438 782 1588 836 ’,δοκεῖν
1619 779 1760 837 ἄφθο-

306 851 374 907 νίᾳ
403 848 455 891 τὰ
481 850 555 904 τῆς
577 848 789 901 πτωχείας
815 845 1038 902 ὖπομένειν
1061 848 1234 904 αἰσχρά.
1293 850 1412 891 δυοῖν
1442 843 1516 890 οὖν
1542 846 1761 890 κάνταῦθα

308 916 488 971 θάτερον
513 915 680 957 ἕπεται·
711 911 738 969 ἢ
770 912 851 970 γὰρ
885 914 1142 970 κακουργίας
1173 914 1406 971 ἐγχείρημα
1432 913 1628 970 φαίνεται
1655 907 1744 954 εἷνα

307 983 449 1033 τουτί,
482 982 535 1022 δι’
571 980 733 1036 ἀπάτην
760 982 844 1022 τῶν
876 978 1179 1036 ἁπλουστέρων
1206 980 1548 1036 ἐπινενοημένον,
1572 977 1601 1034 ἢ
1631 979 1762 1020 δεισι-

310 1047 534 1102 δαιμονίαν
563 1046 818 1100 ὀνομαστέον
852 1043 898 1088 τὸ
929 1047 1003 1087 τοῦ
1032 1046 1267 1102 νοσήματος
1296 1046 1456 1096 πάθος,
1495 1044 1662 1101 ἔκγονον
1691 1043 1762 1086 λό-

306 1130 382 1169 γου
415 1111 732 1167 διεψευσμένως
775 1111 944 1164 ἔχοντος
986 1111 1033 1154 ὂν
1072 1111 1178 1168 πρὸς
1218 1112 1263 1155 τὸ
1307 1112 1490 1168 ἀγαθόν,
1529 1113 1687 1161 δειλίας
1723 1112 1762 1152 δ’

309 1180 534 1235 ἀορίστους
561 1178 634 1220 κάἰ
666 1178 949 1233 ἀτεκμάρτους
976 1183 1068 1228 ταῖς
1092 1178 1280 1234 μητράσι
1309 1183 1476 1232 ψυχαῖς
1503 1178 1664 1220 ἐντιθὲν
1693 1193 1764 1220 και

312 1246 475 1302 φόβους
502 1247 546 1287 ἐν
577 1243 625 1285 οὗ
654 1245 793 1301 καιρῷ
824 1243 1076 1300 φυομένους,
1108 1244 1295 1287 θανάτου
1333 1245 1522 1300 γείτονας
1550 1243 1624 1286 καί
1653 1242 1742 1285 οἴου

310 1311 347 1353 οὶ
379 1313 422 1354 ἐν
452 1310 560 1370 ᾅδου
590 1311 853 1366 μυθεύονται
881 1312 1061 1366 πέμπειν
1087 1316 1174 1361 τοῖς
1195 1313 1322 1364 ζῶσιν
1345 1312 1389 1353 ἐν
1403 1309 1572 1362 ῦπνοις,
1606 1312 1651 1353 ἐκ
1672 1312 1766 1352 δια-

146 1377 468 1434 ῐ.2281ι.μέτρου
497 1378 576 1431 μὲν
603 1378 677 1418 καί
709 1377 1058 1434 άντιδιῃρημένην
1085 1379 1138 1434 τῇ
1169 1377 1295 1436 οἷθεΐᾳ
1331 1376 1405 1432 τὴν
1434 1377 1550 1430 τάξιν
1577 1376 1767 1432 ἐσχηκός,

310 1445 426 1500 γένος
457 1445 495 1485 δ’
528 1443 644 1498 ὅμως
674 1445 810 1500 ἐκείνῃ
834 1443 983 1486 ταῦτόν
1012 1443 1271 1499 κεκτημένον,
1299 1442 1375 1499 τὴν
1407 1441 1578 1500 ἄγνοιαν
1595 1443 1769 1499 δηλαδή;

223 1529 295 1563 82
311 1509 471 1564 ὁμοίως
508 1508 590 1566 γὰρ
631 1512 714 1552 τῶν
758 1510 1099 1566 διαβεβλημένων
1137 1510 1226 1552 ἐστὶ
1255 1511 1311 1553 ’τό
1351 1514 1386 1552 τ’
1434 1510 1624 1566 ἀκίνητον
1661 1505 1769 1552 εἶναι

311 1576 418 1633 πρὸς
433 1576 507 1632 τὴν
520 1579 595 1619 τοῦ
614 1579 719 1619 θεοῦ
736 1579 871 1633 τιμήν,
901 1577 974 1619 καί
1004 1573 1059 1618 αὖ
1085 1576 1131 1619 τὸ
1161 1580 1374 1620 κινεῖσθαι
1404 1576 1510 1634 πρὸς
1538 1576 1666 1632 αὐτὴν
1691 1594 1768 1619 κα-

313 1644 455 1699 θάπερ
487 1643 534 1684 οὗ
561 1644 670 1700 χρή·
726 1643 772 1686 τὸ
805 1645 884 1698 μὲν
911 1642 992 1701 γὰρ
1023 1644 1203 1694 πίστεως
1231 1642 1420 1702 ἄμοιρον,
1448 1643 1494 1686 τὸ
1524 1645 1570 1687 δὲ
1595 1644 1669 1687 καὶ
1698 1644 1769 1687 δό-

311 1713 388 1761 ξαν
424 1711 602 1768 ἐμπαθῆ
642 1711 991 1768 προσλαμβάνει,
1033 1712 1334 1768 σμικρολογίαν
1369 1710 1541 1769 μακράν
1583 1713 1645 1770 τῷ
1680 1714 1768 1770 θεῳ

314 1902 436 1947 tudine
462 1911 555 1946 quae
579 1911 686 1936 unum
722 1902 886 1947 idemque
915 1903 1074 1937 continet
1107 1903 1247 1938 recedis
1280 1904 1324 1938 ad
1361 1914 1435 1938 eam
1462 1915 1552 1950 quae
1583 1914 1655 1938 non
1679 1904 1770 1940 idem

315 1948 578 1993 amplectitur-st
628 1960 750 1983 rursus
777 1949 885 1984 alias:
924 1951 1031 1984 “deus
1073 1960 1143 1984 non
1178 1956 1232 1984 est
1263 1957 1424 1985 creatura
1455 1962 1572 1997 neque
1612 1952 1771 1988 dominus

314 1997 407 2031 idem
436 1996 496 2041 qui
525 2006 651 2031 servus
671 2002 714 2039 ‚et
738 1997 806 2030 iam
835 1998 865 2031 si
893 1998 1059 2042 princeps
1087 1998 1133 2032 ait
1156 1998 1249 2032 inter
1273 2008 1398 2032 servos
1423 1998 1482 2033 vel
1508 2000 1724 2034 creaturas.’'

450 2054 605 2088 Videsne
631 2055 741 2100 igitur
766 2056 942 2100 quomodo
969 2055 1048 2100 plus
1076 2066 1189 2101 aequo
1215 2056 1392 2091 honorare
1420 2062 1455 2091 ct
1479 2057 1571 2102 ultra
1597 2057 1685 2091 flues
1713 2058 1772 2091 iu-

316 2107 390 2137 etos
416 2102 583 2146 progredi
610 2104 836 2147 arrogantiae
863 2103 998 2137 fructus
1011 2104 1145 2148 gignat.
1196 2104 1239 2136 iis
1270 2105 1361 2137 enim
1387 2114 1608 2149 qnaetsupra
1632 2105 1771 2138 modum

316 2149 489 2183 adduntur
530 2149 721 2193 opprobrio
748 2151 786 2184 iit
811 2150 903 2195 quod
925 2150 996 2184 alia
1021 2151 1135 2184 demta
1163 2156 1243 2184 sunt
1266 2151 1387 2196 itaque
1410 2161 1482 2186 non
1513 2161 1642 2186 revera
1667 2152 1773 2196 qnid-

319 2207 421 2241 quam
447 2195 586 2230 additur
610 2197 727 2240 potius
754 2198 1000 2231 detrimentum
1027 2202 1081 2231 est
1091 2207 1195 2242 quum
1220 2198 1331 2242 magis
1357 2199 1547 2242 conspicua
1573 2199 1658 2234 liant
1681 2208 1772 2244 quae

319 2254 339 2277 a
365 2244 456 2277 iusta
486 2243 720 2277 honoratione
746 2250 886 2278 resecta
910 2254 1013 2290 quam
1028 2254 1119 2289 quae
1145 2243 1227 2278 huic
1240 2254 1334 2279 nova
1358 2245 1496 2279 adiecta
1521 2251 1613 2280 sunt.
1663 2255 1772 2291 quare

320 2290 516 2324 cavendum
542 2301 589 2324 ne
616 2290 864 2325 abundantiam
897 2293 934 2325 in
961 2292 1178 2326 aestimando
1204 2292 1388 2335 opinemur
1413 2303 1504 2337 quae
1530 2302 1596 2327 nos
1622 2293 1657 2327 in
1682 2303 1773 2338 ege..

319 2338 420 2373 statis
451 2337 680 2381 ignominiam
718 2338 826 2373 ducit.
887 2350 907 2373 e
943 2339 1078 2372 duobus
1116 2344 1231 2372 autem
1263 2338 1411 2373 alterurn
1451 2341 1680 2385 consequitur
1714 2343 1774 2373 aut

320 2384 393 2418 tale
419 2385 580 2429 quiddam
607 2384 691 2419 mali
718 2385 859 2419 consilii
885 2386 1065 2420 inventum
1090 2390 1236 2430 apparet
1262 2395 1326 2430 per
1352 2386 1508 2421 fraudem
1537 2388 1773 2432 excogitatum

323 2436 386 2465 aut
410 2442 430 2464 e
456 2432 663 2465 daemonum
690 2433 817 2467 timore
843 2438 945 2467 natus
970 2433 1113 2467 morbus
1139 2438 1193 2467 eet
1225 2433 1284 2477 qui
1309 2435 1437 2468 mentis
1462 2434 1573 2468 fellax
1597 2435 1712 2479 imago
1738 2438 1775 2467 et

324 2479 493 2513 indicium
520 2479 686 2524 ignaviae
712 2490 867 2514 summae
895 2481 1087 2514 animorum
1112 2479 1361 2522 muliebrium,
1396 2481 1490 2514 unde
1525 2486 1638 2516 metus
1664 2481 1775 2515 oritur

325 2536 427 2570 quem
450 2527 572 2560 mortis
598 2526 719 2560 dicunt
748 2526 889 2561 affinem
918 2533 953 2560 et
979 2537 1082 2571 quem
1106 2527 1212 2560 inferi
1228 2527 1391 2562 dicuntur
1415 2527 1508 2562 vivis
1535 2529 1713 2562 inmittere
1737 2528 1775 2561 in

323 2573 482 2607 somniis.
542 2573 602 2617 qui
630 2574 735 2607 timor
765 2574 962 2607 contrarius
988 2574 1127 2618 quidem
1160 2578 1214 2607 est
1241 2574 1423 2616 atheismi3
1458 2580 1574 2609 tamen
1603 2575 1640 2609 in
1672 2580 1777 2608 utro-

322 2630 391 2664 que
417 2621 536 2654 eadem
551 2626 698 2664 apparet
720 2622 882 2654 amentia.
932 2631 1012 2654 nam
1036 2621 1210 2654 amentiae
1237 2626 1291 2655 est
1313 2623 1452 2667 signum
1465 2627 1501 2656 et
1524 2622 1646 2667 siquis
1673 2621 1775 2656 deum

300 2667 464 2701 -omnino
490 2677 562 2701 non
588 2668 688 2701 timet
714 2673 748 2700 et
773 2668 802 2701 si
828 2668 928 2701 timet
953 2668 1013 2701 ubi
1036 2677 1107 2701 non
1121 2666 1238 2702 debet.
1288 2668 1353 2702 ille
1378 2670 1470 2703 enim
1495 2670 1662 2713 pietatem
1689 2668 1776 2703 nul·

283 2756 285 2759 .
320 2713 389 2748 lam
416 2713 535 2758 habet,
572 2714 630 2749 hic
667 2719 792 2750 contra
824 2715 933 2751 nimia
964 2712 1143 2763 religione
1178 2720 1301 2761 captus
1338 2716 1442 2751 deum
1474 2717 1578 2753 nimis
1609 2727 1775 2758 neverum
