1786 3138
284 166 399 233 452>
685 174 980 220 Nicssrflom
1023 174 1350 221 GREGORAE-

283 283 445 338 καίρων
486 283 719 337 θαυμάτων
772 281 920 340 ἀνιστᾷ
953 280 1027 336 τὴν
1063 279 1210 336 ψυχὴν
1248 281 1439 335 ἐμμελῶς
1478 280 1639 332 καὶέἶς
1664 278 1756 336 τῆν’

282 345 391 404 ὑπὲρ
438 346 640 403 αἴσθησιν
683 346 900 404 ἀπευθύνῃ
946 347 1093 402 νοητήν
1134 362 1177 389 τε
1220 346 1293 388 καί
1324 346 1543 403 μακαρίαν
1580 347 1740 403 ἐκείνην

195 418 268 455 25
287 414 410 469 ζωήν.
468 415 512 455 ἐκ
536 413 618 470 γάρ
647 414 855 470 μεγέθους
892 414 966 456 καί
997 415 1201 468 καλλονῆς
1228 415 1310 455 τῶν
1348 414 1391 464 ἐξ
1419 412 1555 469 ἀρχῆς
1584 414 1627 456 ἐν
1653 417 1739 462 τοῖς

284 482 486 535 κτίσμασι
516 481 782 538 φαινομένων
814 479 881 523 ἀεὶ
912 479 1144 534 θαυμάτων
1188 479 1402 535 ἀναλόγως
1429 477 1452 522 ὅ
1483 477 1739 536 δημιουργὸς

284 545 455 602 δρᾶται·
536 546 775 602 ἀνεννόητον
814 547 918 602 γάρ,
958 544 980 587 ὅ
1020 545 1137 594 θεῖός
1184 551 1290 601 φησι
1317 545 1562 596 Διονύσιος,
1598 545 1735 602 πάντῃ

281 613 387 655 κατὰ
412 613 486 669 τὴν
518 613 667 656 οὐσίαν
689 613 763 655 καὶ
793 613 1082 668 ἀκατάληπτον
1108 610 1154 653 τὸ
1189 611 1451 665 acconam
1485 611 1530 653 ἐκ
1557 613 1640 654 τῶν
1669 612 1737 653 αἰέ-

110 680 431 722 saffo-marah
476 679 699 736 ὗμνητέον,
742 679 806 722 διὸ
851 679 923 722 καὶ
961 678 1007 721 τὸ
1035 681 1153 722 θεῖον
1189 677 1290 733 ἡμῖν
1327 671 1546 732 βάπτισμα
1577 679 1739 728 διπλοῖς

279 743 376 790 οὖσι
407 749 580 790 διπλοῦν
625 747 865 803 ἐχαρίσθη,
896 749 949 789 δι’
981 744 1134 794 ὕδατος
1161 743 1270 799 ὄμοῦ
1298 744 1372 788 καὶ
1397 743 1640 799 πνεύματος,
1669 744 1738 786 ἵνα

277 818 338 873 τῷ
365 813 511 866 ὕδατι,
557 813 653 864 τούς
684 812 910 870 σαρκικούς
938 812 1059 868 ἡμῶν
1091 812 1158 855 ἀεὶ
1186 811 1344 868 ῥύπους
1385 808 1610 868 καθαίρειν
1638 811 1736 853 εἰω-

275 883 384 933 θότι,
416 882 751 939 προσγενομένου
792 881 865 923 καί
899 882 973 922 τοῦ
1014 880 1134 922 θείου
1178 878 1409 933 πνεύματος
1451 878 1642 934 ἀοράτως
1663 877 1736 920 καί

279 950 464 1006 ἀφανῶς,
499 948 587 1003 ἅμα
616 950 677 1005 τῷ
706 947 870 1001 σώματι
898 946 1241 1002 συγκαθαίρηται
1272 945 1345 987 καί
1372 943 1400 1000 ἦ
1427 943 1550 999 ψυχὴ
1578 945 1734 1000 νοερῶς

274 1031 319 1058 τε
347 1016 420 1058 καί
454 1015 639 1071 ἀφανῶς.
670 1013 734 1056 ὅτι
757 1014 802 1055 δὲ
832 1013 1200 1069 συμπαραγίνεται
1228 1013 1290 1068 τῷ
1316 1009 1440 1057 ὕδατι
1469 1009 1731 1066 ἄγιαζομένῳ

275 1083 348 1124 καί
374 1081 419 1124 τὸ
449 1083 614 1135 πνεῦμα
640 1079 686 1122 τὸ
722 1079 839 1135 ἅγιον
869 1078 941 1121 διὰ
971 1081 1043 1134 τῆς
1072 1080 1154 1120 τῶν
1195 1077 1331 1130 εὖχαῗν
1359 1077 1629 1132 ἐπικλήσεως,
1658 1078 1733 1131 δῆ-

274 1153 347 1190 λον
381 1147 403 1190 ὅ
435 1151 551 1197 θεῖος
592 1146 694 1202 ἡμῖν
743 1151 925 1188 ποιεῖ’ται
955 1145 1287 1201 Χρυσόστομος,
1330 1142 1446 1186 “τότε
1473 1142 1573 1198 μὲν”
1603 1142 1735 1198 λέγων

273 1213 372 1256 “ἐπί
403 1215 596 1269 Χριστοῦ
627 1212 697 1255 διὰ
726 1215 846 1254 τοῦτο
868 1212 1003 1268 ἐφάνη
1033 1209 1059 1265 ἦ
1091 1211 1330 1267 περιστερά,
1360 1210 1428 1252 ἵνα
1458 1208 1600 1266 ὥσπερ
1631 1210 1766 1254 dan-1

273 1281 378 1337 τύλῳ
409 1281 492 1322 τινί
523 1279 636 1336 δείξῃ
680 1284 766 1329 τοῖς
819 1280 1005 1335 παροῦσι
1044 1277 1117 1319 καί
1153 1278 1214 1333 τῷ
1239 1276 1409 1332 Ἰωάννῃ
1440 1274 1512 1318 τὸν
1540 1274 1734 1318 υὶὸντοῦ

274 1349 397 1389 θεοῦ·
465 1345 512 1388 οὗ
537 1346 665 1400 μόνον
711 1346 768 1397 δὲ,
801 1345 889 1387 ἀλλ’
920 1345 988 1387 ἵνα
1035 1343 1108 1386 καὶ
1137 1342 1188 1386 σύ
1219 1344 1364 1400 μάθῃς
1394 1341 1457 1385 ὅτι
1484 1342 1556 1384 καί
1585 1341 1655 1384 ἐπὶ
1686 1341 1734 1383 σὲ

185 1426 261 1460 26
273 1413 580 1470 βαπτιζόμενον
609 1412 655 1455 τὸ
685 1414 850 1467 πνεῦμα
892 1411 1077 1467 ἔρχεται.
1146 1412 1220 1453 νῦν
1254 1413 1293 1452 δ’
1321 1408 1423 1465 ἡμῖν
1451 1409 1656 1464 αἰσθητῆς
1686 1406 1734 1448 οὖ

271 1481 401 1536 χρεία
430 1477 585 1534 ὅψεως,
610 1482 683 1535 τῆς
714 1481 895 1530 πίστεως
941 1479 1033 1522 ἀντὶ
1061 1479 1228 1522 πάντων
1274 1478 1506 1535 ἀρκούσης·
1572 1475 1626 1519 τὰ
1650 1474 1732 1532 γὰρ

275 1551 430 1602 σημεῖα
462 1550 511 1589 ού
539 1552 626 1597 τοῖς
643 1546 911 1589 πιστεύουσιν
934 1546 1043 1588 ἀλλὰ
1070 1550 1157 1596 τοῖς
1188 1544 1416 1595 ἀπι’στοις.”
1474 1541 1630 1600 ὅρατὴν
1660 1538 1733 1583 οὖν

273 1615 531 1670 θεοφάνειαν
560 1613 608 1655 οὖ
635 1614 739 1668 μιάν
768 1613 919 1668 ἔχομεν
947 1613 1021 1656 καί
1046 1613 1178 1668 μόνην
1202 1612 1275 1668 τὴν
1300 1611 1633 1668 μεταμόρφωσιν
1662 1607 1731 1652 λέ-

271 1695 371 1735 γειν,
403 1680 492 1722 οὐδ’
511 1680 703 1738 ἀριθμῷ
730 1681 1078 1736 συγκλειομένας*
1126 1679 1215 1721 ἀλλ’
1247 1680 1291 1721 ἐν
1321 1677 1438 1728 ὅσοις
1469 1675 1493 1720 ὅ
1524 1675 1624 1726 θεὸς
1654 1677 1730 1730 ἐμ-

274 1747 495 1802 φανίζεται
525 1748 597 1789 δια
637 1747 864 1802 συμβόλων
902 1746 1100 1802 θαύμασι
1140 1746 1366 1802 μεγίστοις,
1396 1744 1536 1794 πάσας
1563 1745 1729 1799 θεοφα-

270 1957 354 1991 bant
383 1958 561 2001 deitatem,
591 1970 682 2004 quae
705 1969 777 1994 non
802 1959 1007 2004 apparebat,
1043 1958 1237 1994 denudaret
1260 1962 1367 2002 atque
1390 1956 1606 1990 ostenderet.
1655 1955 1726 1989 ita-

272 2015 341 2050 que
365 2006 410 2039 ab
435 2005 614 2040 miraculis
642 2017 733 2052 quae
760 2008 881 2041 sensui
911 2011 1081 2051 apparent
1105 2012 1264 2051 tempore
1292 2005 1444 2038 animum
1470 2003 1586 2048 erigas
1611 2007 1647 2036 et
1670 2002 1728 2036 di-

270 2053 366 2097 rigas
405 2053 447 2086 ad
480 2053 666 2087 mentalem
708 2053 805 2088 illam
844 2065 886 2088 ac
924 2054 1059 2088 beatam
1100 2054 1207 2087 vitam
1231 2062 1322 2097 quae
1349 2060 1457 2094 supra
1491 2060 1631 2084 sensum
1660 2054 1726 2083 est.

273 2100 401 2133 etenim
424 2110 468 2133 ex
492 2101 734 2145 magnitudine
769 2107 805 2135 et
840 2100 1104 2145 pulchritudine
1136 2099 1382 2133 miraculorum
1399 2121 1410 2139 ,
1438 2107 1529 2142 quae
1553 2095 1597 2130 ab
1623 2096 1725 2130 initio

270 2147 307 2179 iu
334 2148 507 2181 creaturis
531 2158 671 2191 semper
697 2154 879 2193 apparent,
906 2149 947 2182 ad
973 2148 1239 2182 similitudinem
1273 2145 1443 2190 quandam
1470 2149 1610 2178 creator
1635 2153 1726 2176 con..

270 2193 431 2236 spicitur.
481 2205 549 2227 nec
576 2197 681 2237 enim,
714 2201 752 2229 ut
778 2196 813 2229 S.
841 2195 905 2229 ille
932 2195 1122 2238 Dionysius
1148 2194 1217 2235 ait,
1245 2193 1388 2227 omnino
1414 2190 1583 2236 cognosci
1610 2192 1726 2234 potest

271 2241 363 2284 quod
389 2241 432 2274 ad
459 2242 646 2275 essentiam
689 2243 846 2286 pertinet
870 2253 937 2276 nec
963 2242 1099 2286 percipi
1125 2242 1227 2282 deus,
1261 2239 1322 2273 sed
1348 2239 1392 2272 ob
1419 2238 1510 2272 facta
1534 2247 1597 2272 sua
1623 2236 1726 2270 cele-

269 2287 422 2321 brandus
450 2294 515 2330 est,
543 2295 759 2333 quapropter
779 2290 969 2334 baptismus
994 2289 1096 2323 nobis
1126 2289 1161 2322 in
1187 2286 1364 2332 duplicem
1384 2287 1531 2330 gratiam
1547 2290 1635 2326 erat,
1661 2292 1726 2327 per

269 2345 393 2378 aquam
420 2335 523 2369 simul
560 2342 595 2369 et
619 2337 801 2380 spiritum,
839 2342 876 2370 ut
913 2347 978 2380 per
1003 2346 1126 2381 aquam
1153 2345 1244 2379 quac
1284 2333 1398 2367 carnis
1434 2337 1578 2366 nostrae
1603 2331 1726 2366 sordes

271 2381 393 2415 eluere
419 2382 536 2425 solet,
581 2383 699 2417 addito
726 2384 847 2418 divino
872 2384 1022 2428 spiritu,
1048 2381 1276 2416 invisibiliter
1313 2386 1348 2414 et
1371 2378 1628 2413 insensibiliter
1656 2387 1726 2411 uua

270 2439 347 2462 cum
374 2439 523 2473 corpore
555 2430 694 2464 eluatur
722 2432 849 2464 anima.
900 2431 942 2463 ad
968 2441 1101 2464 sacram
1127 2439 1251 2473 aquam
1276 2433 1393 2461 autem
1420 2427 1590 2460 accedere
1615 2425 1725 2469 spiri-

268 2480 339 2508 tum
366 2482 523 2510 sanctum
551 2488 614 2521 per
639 2488 782 2521 precum
810 2478 1035 2511 cerimoniam
1062 2476 1215 2510 ostendit
1237 2474 1339 2508 nobis
1366 2474 1402 2508 S.
1431 2473 1723 2517 chrysostomum

269 2527 339 2555 tum
366 2534 472 2567 super
499 2524 674 2559 Christum
702 2524 864 2558 columba
892 2525 1071 2569 apparuit,
1110 2525 1158 2557 ita
1185 2527 1224 2555 ut
1249 2523 1349 2566 quasi
1383 2521 1495 2566 digito
1522 2519 1725 2558 ostenderet

267 2570 311 2602 iis
338 2572 397 2613 qui
424 2571 570 2605 aderant
596 2577 631 2605 et
658 2571 781 2605 loanni
808 2571 918 2606 filium
945 2572 1002 2605 dei
1028 2581 1145 2615 neque
1173 2569 1242 2603 hoc
1267 2569 1380 2603 solum
1409 2578 1531 2602 verum
1557 2566 1660 2599 etiam
1686 2568 1725 2598 ut

265 2617 380 2651 discas
407 2628 512 2661 supra
538 2624 573 2651 te
601 2628 742 2662 quoque
769 2620 828 2664 qui
849 2612 1046 2663 ba‘ptizatus
1073 2623 1125 2651 est
1144 2617 1304 2660 spiritum
1331 2626 1423 2649 esse.
1472 2613 1629 2648 sensuali
1655 2618 1724 2646 no'-

264 2663 319 2697 bis
355 2666 494 2698 visione
527 2675 615 2709 opus
649 2676 718 2698 non
747 2671 826 2708 est,
865 2659 969 2711 quum
1001 2675 1064 2709 pro
1089 2664 1249 2698 omnibus
1275 2662 1480 2697 satisfaciat.
1519 2671 1598 2694 nam
1623 2661 1724 2703 signa

264 2720 335 2744 non
363 2712 541 2754 fidelibus,
567 2715 628 2748 sed
646 2713 868 2747 infidelibus.
898 2713 1073 2746 visibilem
1109 2713 1218 2755 igitur
1242 2709 1490 2754 theophaniam
1526 2717 1597 2741 non
1622 2717 1724 2740 unam

262 2760 430 2797 habemus
457 2771 492 2799 et
516 2765 626 2799 solam
672 2761 1014 2806 transfigurationem
1038 2770 1106 2797 nec
1130 2768 1276 2792 numero
1306 2767 1434 2804 paucas
1452 2779 1464 2800 ,
1492 2755 1553 2790 sed
1578 2755 1614 2789 in
1641 2755 1724 2801 qui..

1726 2956 1750 3010 Ji
