1826 3120
218 160 220 162 ’
237 140 302 186 80
641 139 939 185 NICEPHORI
979 136 1287 182 GREGORAE

238 250 522 303 προΐστασθαι
563 246 707 301 λαχών
737 244 959 295 Κόκκινος·
1039 240 1149 286 οὕτω
1194 242 1274 298 γὰρ
1318 242 1501 301 ἐκαλεῖτο
1543 241 1615 285 διὰ
1643 241 1689 285 τὸ
1758 297 1766 304 ἃ

237 315 430 369 πυρῶδες
465 313 538 355 καί
567 309 712 367 ἄγριον
753 314 826 366 τῆς
858 307 998 365 ὅψεως
1029 310 1048 352 ὁ
1079 303 1318 363 ποίμενικὸς
1357 307 1509 364 πατήρ.
1567 306 1693 363 ἔτυχε
1752 323 1756 328 ·

237 380 316 436 γὰρ
349 381 392 422 ἐν
425 379 662 436 Βυζαντίῳ,
694 384 785 427 ταῖς
813 380 891 431 μὲν
917 378 990 419 τοῦ
1022 378 1214 429 Παλαμοῖ
1251 375 1552 432 καινοφωνίαις
1579 373 1693 432 πάσῃ

235 444 377 504 γνώμῃ
408 447 480 487 καί
507 446 674 501 σπουδῇ
700 444 954 497 συμμαχῶν,
985 444 1061 484 τοῦ
1091 443 1136 484 δὲ
1167 446 1362 496 ποιμνίου
1391 439 1524 498 μικροὶ
1561 456 1694 498 φρον-

65 522 89 557 f.
110 520 177 558 114
189 513 372 564 ι.τι’ζων,
402 512 474 552 καί
501 509 568 553 τὸν
596 513 673 563 μὲν
694 508 796 551 κατὰ
824 511 894 563 τῆς
924 509 1138 562 εὐσεβείας
1168 511 1199 534 “
1228 505 1518 563 ἀναρριπίζων
1547 509 1728 550 ἔνων-5

235 581 311 621 θοι·
334 575 533 632 διωγμόν,
565 579 619 632 τῷ
647 578 693 618 δὲ
717 579 892 630 βασιλεῖ’
907 576 1297 631 προφοιβαζόμενος
1328 575 1371 626 ἐξ
1399 571 1589 628 ὅνείρων,
1617 574 1695 614 ndu

235 646 311 688 τοῦ
342 643 535 686 τοιούτου
565 644 771 694 μαντικοῦ
798 642 992 696 τρίποδος
1022 637 1356 695 ὑπισχνούμενος
1382 640 1431 683 τοὶ
1460 636 1626 694 μεγάλα
1654 655 1698 683 τε
1739 693 1746 700 ,

237 709 311 751 καί
338 710 573 763 α’πόρρητα,
603 706 780 763 κλήρους
810 708 947 761 ἀρχῆς
976 702 1134 762 δηλαδή
1165 709 1445 762 καινοτέρους,
1472 705 1546 748 καί
1561 706 1698 756 πάσας

236 772 342 834 ἑῴας
368 774 440 817 καί
466 771 663 831 ἑσπερίου
695 773 847 829 λήξεως
879 773 1148 827 ἐπικράτειαν
1179 769 1372 827 ὅμοχθον
1403 772 1553 816 αὐτίκα
1580 770 1696 827 μάλα

236 858 275 884 τι
310 838 526 897 ἑψομένην.
561 844 620 900 τῷ
668 843 851 898 διωγμῷ.
910 838 1017 882 ἀλλὰ
1057 839 1137 894 γὰρ
1180 838 1322 895 ἐπειδὴ
1357 839 1458 895 πρὸς
1487 842 1570 883 πᾶν
1597 840 1756 882 voc-1⁰

238 908 407 951 ναντιόν
442 908 597 963 ἐχώρει
634 907 678 950 τὸ
708 910 783 950 τοῦ
814 910 1024 951 Κοκκίνου
1060 907 1306 960 μάντευμα,
1336 905 1493 962 πολλὴν
1519 911 1698 962 παρεῖχε

239 975 314 1029 τήν
343 974 524 1031 ἀπορίαν
565 976 621 1032 τῷ
650 979 842 1029 βασιλεῖ,
869 977 938 1024 καί
966 971 993 1015 ἃ
1033 975 1137 1028 χθὲς
1167 973 1240 1015 καί
1269 973 1473 1028 πρότριτα
1505 971 1698 1028 προσίετό

238 1057 282 1083 τε
311 1042 380 1084 καί
408 1041 578 1098 σφόδρα
608 1043 799 1095 ἀσμένως
830 1043 1045 1094 ἐπίστευε,
1075 1042 1151 1082 νῦν
1184 1043 1226 1089 ἐς
1257 1037 1524 1096 ἀμφιβόλους
1552 1037 1701 1095 ἔρριπ-

240 1124 307 1150 τεν
338 1110 512 1162 ἐννοίας,
541 1110 615 1152 καί
642 1112 866 1165 τρικυμιάν
895 1105 982 1162 εἶχε
1003 1108 1224 1162 λογισμῶν,
1253 1106 1326 1148 καὶ
1354 1106 1571 1163 α’πεσείετο
1599 1106 1701 1156 τούς

201 1175 204 1179 ’
242 1173 397 1230 λήρους
443 1178 655 1228 ἐκείνους,
699 1174 771 1217 καί
799 1180 969 1224 πολλαῖς
1008 1175 1203 1228 ἐπειρᾶτο
1250 1175 1437 1227 μέμψεσι
1482 1174 1700 1228 βαπτίζειν
1715 1179 1758 1214 15

242 1240 343 1290 τούς
377 1237 510 1291 οὕτως
542 1243 604 1284 ἐπ’
636 1237 874 1299 αὐτοφώρῳ
905 1239 1147 1295 ψεύδεσθαι
1175 1240 1251 1281 οὐκ
1280 1237 1582 1295 ἐρυθριῶντας.
1611 1241 1701 1290 ἀλλ’

244 1305 419 1362 ἐγγύθεν
453 1305 584 1357 αὖθις
627 1308 647 1351 ὃ
676 1307 751 1357 τοὶς
792 1311 993 1361 μαντείας
1024 1304 1200 1361 εἰσάγων
1243 1305 1387 1358 ἑστώς,
1420 1306 1493 1348 καί
1519 1308 1702 1361 παρεξη-

243 1369 446 1429 γοιῖμενος
474 1373 549 1430 τήν
570 1376 786 1431 ἀλήθειαν,
819 1373 962 1416 ἔπειθε
987 1376 1110 1415 πάλιν
1138 1373 1213 1427 τὴν
1247 1370 1495 1428 αὕθεντικὴν
1521 1371 1702 1427 ὑποτρέ-

244 1456 333 1494 χων
363 1439 592 1498 ἁπλότητα,
623 1445 695 1483 καί
723 1442 967 1484 τούναντίου
1005 1440 1244 1493 πνεύματος
1283 1438 1495 1494 ἐνέργειαν
1521 1438 1728 1495 ἔφασκενι
1772 1445 1779 1448 ’

246 1503 370 1561 εἶναι,
395 1507 463 1549 ἵνα
493 1507 565 1550 τὸν
594 1508 699 1562 ὑπὲρ
730 1509 947 1559 εὐσεβείας
979 1510 1107 1565 σβέσῃ
1141 1508 1305 1560 θυμόν,
1336 1503 1602 1562 καπηλεῦσας
1636 1503 1762 1548 τὸν20

247 1574 405 1628 δρόμον
433 1575 510 1616 τοῦ
543 1575 740 1629 διωγμοῦ.
799 1571 905 1616 εἶναι
935 1575 980 1616 δὲ
1027 1575 1100 1616 καί
1131 1571 1304 1629 δοκιμήν
1331 1589 1425 1616 τινα
1453 1574 1571 1615 τοῦτ’
1595 1571 1706 1629 ἔφα-

246 1656 342 1684 σκεν
370 1642 487 1699 αὐτῷ
515 1644 648 1695 θεοῦ,
679 1644 753 1684 καί
779 1644 851 1697 τῆς
879 1642 1113 1697 μελλούσης
1157 1639 1259 1691 ἴσως
1289 1641 1566 1695 εὖδάιμονιάς
1592 1641 1705 1694 γίνε-

250 1866 339 1896 rant.
390 1867 474 1895 tunc
498 1861 620 1895 aberat
644 1861 830 1904 Coccinus,
857 1862 916 1907 qui
944 1862 1184 1906 episcopatum
1209 1862 1306 1896 urbis
1325 1862 1467 1896 sortitus
1497 1866 1583 1895 erat.
1611 1861 1706 1897 Coc..
1766 1860 1770 1861 ⁷

252 1910 351 1943 cinus
392 1909 487 1942 enim
526 1910 702 1953 pastorius
736 1914 837 1953 pater
870 1909 913 1943 ab
939 1911 1044 1954 igneo
1083 1915 1117 1942 et
1152 1910 1296 1943 efferato
1323 1909 1424 1943 vultu
1449 1908 1705 1953 appellabatur.

251 1955 458 1990 versabatur
483 1961 554 1989 tum
580 1957 748 2000 temporis
775 1956 1039 2000 Byzantii,·ubi
1065 1957 1168 1990 novis
1192 1956 1354 1990 Palamae
1380 1957 1586 1990 commentis
1612 1956 1707 1989 omni

251 2004 367 2038 animo
393 2009 499 2047 atque
523 2004 637 2037 studio
667 2004 803 2037 deditus
830 2005 951 2047 gregis
966 2005 1020 2036 sui
1042 2014 1162 2047 parum
1180 2003 1298 2036 habita
1322 2004 1461 2037 ratione
1487 2013 1596 2037 verae
1622 2003 1704 2036 fidei

252 2051 538 2095 persecutionem
565 2051 793 2092 accendebat,
826 2052 1029 2094 imperatori
1063 2061 1149 2084 vero
1178 2061 1222 2084 ex
1247 2051 1390 2084 somniis
1417 2056 1452 2084 et
1475 2050 1615 2094 tripode
1637 2060 1706 2083 ne-

251 2098 325 2132 scio
354 2107 422 2142 quo
449 2098 619 2131 vaticinio
645 2109 789 2143 magnas
815 2109 900 2131 sane
926 2103 1031 2142 atque
1055 2097 1254 2131 ineffabiles
1279 2109 1335 2131 res
1361 2098 1612 2142 pollicebatur,
1636 2097 1707 2130 im-

251 2146 342 2189 perii
366 2145 532 2179 nimirum
570 2145 878 2189 amplificationem
895 2170 904 2187 ,
945 2145 1092 2178 orientis
1131 2150 1165 2178 et
1190 2145 1383 2178 occidentis
1409 2146 1590 2186 ditionem,
1616 2154 1707 2189 quae

250 2192 351 2226 nullo
377 2193 523 2236 negotio
550 2194 834 2236 persecutionem
862 2204 880 2226 e
908 2193 1062 2236 vestigio
1095 2192 1298 2225 insecutura
1332 2198 1437 2226 esset.
1465 2198 1500 2226 at
1525 2193 1707 2237 enimvero

251 2250 356 2284 quum
386 2239 530 2274 Coccini
558 2241 780 2284 praesagium
818 2250 962 2283 prorsus
996 2250 1098 2273 secus
1128 2240 1291 2282 caderet,
1318 2240 1353 2272 in
1381 2250 1525 2284 magnas
1553 2239 1707 2272 iniectus

252 2291 305 2321 est
329 2286 556 2320 difficultates
583 2288 799 2331 imperator,
828 2293 865 2320 ut
896 2287 987 2332 quod
1014 2287 1090 2320 heri
1117 2286 1176 2320 vel
1201 2287 1328 2320 nudius
1355 2288 1480 2321 tertius
1509 2286 1648 2321 admisit
1674 2291 1709 2319 et

250 2334 496 2368 lubentissime
522 2335 681 2376 credidit,
709 2335 742 2368 id
769 2336 835 2368 iam
863 2335 1046 2378 ambiguus
1066 2339 1226 2367 versaret
1249 2334 1509 2377 cogtationibus
1533 2339 1568 2367 et
1592 2334 1708 2368 vehe-

251 2382 468 2415 mentissima
488 2381 718 2415 consiliorum
740 2382 969 2417 fluctuatione
988 2382 1139 2426 agitatus
1162 2391 1273 2425 nugas
1292 2382 1375 2414 istas
1402 2381 1574 2415 abiiceret
1590 2387 1708 2426 atque,

253 2438 341 2473 quos
367 2438 439 2461 non
465 2429 613 2472 puderet
643 2430 676 2461 in
704 2435 772 2462 tam
798 2430 995 2463 manifestis
1022 2428 1212 2461 mendaciis
1238 2428 1468 2471 deprehendi,
1494 2428 1615 2462 multis
1641 2438 1709 2474 op..

252 2476 406 2520 probriis
443 2477 594 2509 obruere
630 2482 830 2510 conaretur.
881 2476 942 2510 sed
979 2486 1099 2509 rursus
1133 2475 1197 2508 ille
1231 2476 1497 2519 praesagiorum
1522 2481 1646 2509 auctor
1666 2476 1709 2510 ad

255 2533 331 2556 eum
359 2523 513 2564 accedit3
551 2525 739 2557 veritatem
781 2523 870 2557 falso
904 2524 1168 2566 interpretando
1217 2527 1251 2555 et
1292 2528 1421 2555 certam
1447 2522 1709 2566 simplicitatem

253 2571 525 2604 transcurrendo
556 2581 633 2603 eum
660 2571 726 2605 sibi
754 2571 982 2612 reconciliat3
1022 2570 1111 2603 hanc
1140 2570 1334 2604 adversarii
1361 2570 1540 2603 cuiusdam
1565 2571 1709 2614 spiritus

256 2628 334 2651 esse
361 2618 432 2651 vim
459 2618 556 2659 dicit,
584 2620 643 2662 qui
669 2619 829 2652 ardorem
853 2619 996 2662 pietatis
1020 2618 1243 2661 restinguere
1281 2622 1314 2650 et
1340 2617 1599 2660 persecutionis
1625 2628 1709 2651 cur-

254 2674 330 2698 sum
358 2664 600 2698 fraudulenter
627 2666 789 2700 inhibere
815 2665 914 2699 velit.
957 2665 1067 2707 „haec
1093 2666 1195 2698 etiam
1223 2664 1420 2708 exploratio
1448 2664 1616 2708 quaedam
1643 2671 1708 2707 est,

252 2712 389 2757 inquit,
426 2721 446 2745 a
481 2713 547 2747 deo
574 2714 731 2748 instituta
767 2720 802 2749 et
826 2713 1004 2758 praelusio
1038 2712 1187 2747 fortasse
1224 2712 1362 2746 futurae
1386 2712 1636 2757 beatitudinis,
1663 2722 1709 2746 ne
