<?xml version="1.0" encoding="UTF-8"?>
<!DOCTYPE html PUBLIC "-//W3C//DTD XHTML 1.0 Transitional//EN"
    "http://www.w3.org/TR/xhtml1/DTD/xhtml1-transitional.dtd">
<html xmlns="http://www.w3.org/1999/xhtml" xml:lang="en" lang="en">
 <head>
  <title>
</title>
<meta http-equiv="Content-Type" content="text/html;charset=utf-8" />
  <meta name='ocr-system' content='tesseract 3.04.00' />
  <meta name='ocr-capabilities' content='ocr_page ocr_carea ocr_par ocr_line ocrx_word'/>
</head>
<body>
  <div class='ocr_page' id='page_1' title='image "./corpusscriptorum40niebuoft_0034.png"; bbox 0 0 1800 3132; ppageno 0'>
   <div class='ocr_carea' id='block_1_1' title="bbox 166 964 202 998">
    <p class='ocr_par' dir='ltr' id='par_1_1' title="bbox 166 964 202 998">
     <span class='ocr_line' id='line_1_1' title="bbox 166 964 202 998; baseline 0 0"><span class='ocrx_word' id='word_1_1' title='bbox 166 964 202 998; x_wconf 74' lang='lat'><em>4</em></span> 
     </span>
    </p>
   </div>
   <div class='ocr_carea' id='block_1_2' title="bbox 48 1430 199 1469">
    <p class='ocr_par' dir='ltr' id='par_1_2' title="bbox 48 1430 199 1469">
     <span class='ocr_line' id='line_1_2' title="bbox 48 1430 199 1469; baseline 0.013 -3"><span class='ocrx_word' id='word_1_2' title='bbox 48 1430 75 1467; x_wconf 72' lang='lat' dir='ltr'><strong>f.</strong></span> <span class='ocrx_word' id='word_1_3' title='bbox 91 1431 157 1467; x_wconf 87' lang='lat'><strong>100</strong></span> <span class='ocrx_word' id='word_1_4' title='bbox 166 1441 199 1469; x_wconf 84' lang='lat' dir='ltr'><strong>a.</strong></span> 
     </span>
    </p>
   </div>
   <div class='ocr_carea' id='block_1_3' title="bbox 212 189 1681 1746">
    <p class='ocr_par' dir='ltr' id='par_1_3' title="bbox 213 189 1681 950">
     <span class='ocr_line' id='line_1_3' title="bbox 216 189 1564 246; baseline -0.001 -11"><span class='ocrx_word' id='word_1_5' title='bbox 216 189 282 236; x_wconf 74' lang='lat'><strong>22</strong></span> <span class='ocrx_word' id='word_1_6' title='bbox 477 199 479 201; x_wconf 58' lang='grc'><strong>“</strong></span> <span class='ocrx_word' id='word_1_7' title='bbox 617 191 911 236; x_wconf 79' lang='lat' dir='ltr'><strong>NlOEPflOm</strong></span> <span class='ocrx_word' id='word_1_8' title='bbox 957 189 1259 232; x_wconf 75' lang='lat' dir='ltr'>GREGORAE</span> <span class='ocrx_word' id='word_1_9' title='bbox 1501 209 1522 246; x_wconf 57' lang='lat' dir='ltr'><em>s</em></span> <span class='ocrx_word' id='word_1_10' title='bbox 1561 231 1564 234; x_wconf 83' lang='lat'><strong>.</strong></span> 
     </span>
     <span class='ocr_line' id='line_1_4' title="bbox 216 292 1672 351; baseline 0 -13"><span class='ocrx_word' id='word_1_11' title='bbox 216 299 330 340; x_wconf 78' lang='grc' dir='ltr'><strong><em>οῖσδε</em></strong></span> <span class='ocrx_word' id='word_1_12' title='bbox 357 295 425 340; x_wconf 66' lang='grc' dir='ltr'><strong>’τοὶ</strong></span> <span class='ocrx_word' id='word_1_13' title='bbox 470 294 529 351; x_wconf 70' lang='grc' dir='ltr'><strong>μὴ</strong></span> <span class='ocrx_word' id='word_1_14' title='bbox 570 297 711 339; x_wconf 77' lang='grc' dir='ltr'><em>τοιάδε</em></span> <span class='ocrx_word' id='word_1_15' title='bbox 749 297 826 349; x_wconf 67' lang='grc' dir='ltr'><strong><em>τήν</em></strong></span> <span class='ocrx_word' id='word_1_16' title='bbox 875 294 952 349; x_wconf 83' lang='grc' dir='ltr'><strong><em>σὴν</em></strong></span> <span class='ocrx_word' id='word_1_17' title='bbox 987 293 1116 348; x_wconf 68' lang='grc' dir='ltr'><strong><em>ἀκοήν</em></strong></span> <span class='ocrx_word' id='word_1_18' title='bbox 1147 292 1415 349; x_wconf 68' lang='grc' dir='ltr'><strong>ἀποκναίειν,</strong></span> <span class='ocrx_word' id='word_1_19' title='bbox 1438 295 1672 341; x_wconf 58' lang='grc' dir='ltr'><strong><em>καὶταῦτα</em></strong></span> 
     </span>
     <span class='ocr_line' id='line_1_5' title="bbox 213 355 1673 418; baseline -0.001 -12"><span class='ocrx_word' id='word_1_20' title='bbox 213 366 288 406; x_wconf 81' lang='grc' dir='ltr'><strong>νῦν</strong></span> <span class='ocrx_word' id='word_1_21' title='bbox 319 360 433 406; x_wconf 72' lang='grc' dir='ltr'><strong><em>οὕτω</em></strong></span> <span class='ocrx_word' id='word_1_22' title='bbox 465 362 598 418; x_wconf 76' lang='grc' dir='ltr'><strong><em>λύπης</em></strong></span> <span class='ocrx_word' id='word_1_23' title='bbox 626 361 791 416; x_wconf 77' lang='grc' dir='ltr'><strong><em>ἔχοντος</em></strong></span> <span class='ocrx_word' id='word_1_24' title='bbox 821 357 979 416; x_wconf 73' lang='grc' dir='ltr'><strong><em>ἄλλως,</em></strong></span> <span class='ocrx_word' id='word_1_25' title='bbox 1021 355 1089 401; x_wconf 79' lang='grc' dir='ltr'><strong><em>ὅτε</em></strong></span> <span class='ocrx_word' id='word_1_26' title='bbox 1116 360 1304 413; x_wconf 83' lang='grc' dir='ltr'><strong><em>μάλιστα</em></strong></span> <span class='ocrx_word' id='word_1_27' title='bbox 1332 358 1497 404; x_wconf 75' lang='grc' dir='ltr'><strong><em>πάντων</em></strong></span> <span class='ocrx_word' id='word_1_28' title='bbox 1526 357 1673 418; x_wconf 54' lang='lat' dir='ltr'><strong>gasan*</strong></span> 
     </span>
     <span class='ocr_line' id='line_1_6' title="bbox 216 422 1674 484; baseline -0.001 -12"><span class='ocrx_word' id='word_1_29' title='bbox 216 431 354 473; x_wconf 78' lang='grc' dir='ltr'><strong><em>ἐκεῖνα</em></strong></span> <span class='ocrx_word' id='word_1_30' title='bbox 383 429 550 484; x_wconf 77' lang='grc' dir='ltr'><em>μνήμης</em></span> <span class='ocrx_word' id='word_1_31' title='bbox 588 428 752 484; x_wconf 76' lang='grc' dir='ltr'><strong><em>ἁπάσης</em></strong></span> <span class='ocrx_word' id='word_1_32' title='bbox 787 422 938 469; x_wconf 69' lang='grc' dir='ltr'><strong><em>ὄπισθε</em></strong></span> <span class='ocrx_word' id='word_1_33' title='bbox 980 429 1195 468; x_wconf 88' lang='grc' dir='ltr'><strong><em>ποιεῖσθαι</em></strong></span> <span class='ocrx_word' id='word_1_34' title='bbox 1233 425 1309 467; x_wconf 70' lang='grc' dir='ltr'><strong>οὐκ</strong></span> <span class='ocrx_word' id='word_1_35' title='bbox 1351 425 1464 468; x_wconf 81' lang='grc' dir='ltr'><strong><em>ἔστιν</em></strong></span> <span class='ocrx_word' id='word_1_36' title='bbox 1493 422 1595 471; x_wconf 79' lang='grc' dir='ltr'><strong><em>ὅθεν</em></strong></span> <span class='ocrx_word' id='word_1_37' title='bbox 1623 423 1674 470; x_wconf 63' lang='grc' dir='ltr'><strong>οὗ</strong></span> 
     </span>
     <span class='ocr_line' id='line_1_7' title="bbox 218 490 1681 550; baseline -0.001 -12"><span class='ocrx_word' id='word_1_38' title='bbox 218 498 293 539; x_wconf 81' lang='grc' dir='ltr'><em>καί</em></span> <span class='ocrx_word' id='word_1_39' title='bbox 320 493 432 544; x_wconf 76' lang='grc' dir='ltr'><strong><em>ὅπως</em></strong></span> <span class='ocrx_word' id='word_1_40' title='bbox 475 490 526 536; x_wconf 74' lang='grc' dir='ltr'><strong>οὒ</strong></span> <span class='ocrx_word' id='word_1_41' title='bbox 563 494 854 550; x_wconf 78' lang='grc' dir='ltr'><em>βεβούλημαι,</em></span> <span class='ocrx_word' id='word_1_42' title='bbox 894 490 956 543; x_wconf 85' lang='grc' dir='ltr'><strong>οἷς</strong></span> <span class='ocrx_word' id='word_1_43' title='bbox 989 492 1148 548; x_wconf 78' lang='grc' dir='ltr'><em>βάρους</em></span> <span class='ocrx_word' id='word_1_44' title='bbox 1179 495 1421 535; x_wconf 80' lang='grc' dir='ltr'><strong><em>ἐνέστακται</em></strong></span> <span class='ocrx_word' id='word_1_45' title='bbox 1459 492 1681 550; x_wconf 75' lang='grc' dir='ltr'><strong><em>πρόφασις,</em></strong></span> 
     </span>
     <span class='ocr_line' id='line_1_8' title="bbox 216 558 1675 616; baseline -0.001 -11"><span class='ocrx_word' id='word_1_46' title='bbox 216 562 409 605; x_wconf 78' lang='grc' dir='ltr'><strong><em>ὁπωσοῦν</em></strong></span> <span class='ocrx_word' id='word_1_47' title='bbox 455 560 527 604; x_wconf 81' lang='grc' dir='ltr'><em>καί</em></span> <span class='ocrx_word' id='word_1_48' title='bbox 569 561 760 603; x_wconf 78' lang='grc' dir='ltr'><strong><em>ὁθενοῦν.</em></strong></span> <span class='ocrx_word' id='word_1_49' title='bbox 823 562 905 602; x_wconf 68' lang='grc' dir='ltr'><strong><em>’νῦν</em></strong></span> <span class='ocrx_word' id='word_1_50' title='bbox 941 562 980 602; x_wconf 80' lang='grc' dir='ltr'><strong>δ’</strong></span> <span class='ocrx_word' id='word_1_51' title='bbox 1019 558 1165 615; x_wconf 77' lang='grc' dir='ltr'><strong><em>ἐπειδη</em></strong></span> <span class='ocrx_word' id='word_1_52' title='bbox 1207 559 1281 601; x_wconf 80' lang='grc' dir='ltr'><strong><em>σοι’</em></strong></span> <span class='ocrx_word' id='word_1_53' title='bbox 1313 575 1358 614; x_wconf 81' lang='grc' dir='ltr'><strong><em>γε</em></strong></span> <span class='ocrx_word' id='word_1_54' title='bbox 1399 558 1675 616; x_wconf 73' lang='grc' dir='ltr'><strong><em>τοῦθ’ἥδιον</em></strong></span> 
     </span>
     <span class='ocr_line' id='line_1_9' title="bbox 218 622 1672 685; baseline -0.001 -14"><span class='ocrx_word' id='word_1_55' title='bbox 218 630 380 671; x_wconf 80' lang='grc' dir='ltr'><strong><em>ἐκείνου</em></strong></span> <span class='ocrx_word' id='word_1_56' title='bbox 410 631 548 685; x_wconf 78' lang='grc' dir='ltr'><strong><em>πολλῷ</em></strong></span> <span class='ocrx_word' id='word_1_57' title='bbox 575 628 784 681; x_wconf 75' lang='grc' dir='ltr'><strong><em>μανθάνω</em></strong></span> <span class='ocrx_word' id='word_1_58' title='bbox 814 628 965 680; x_wconf 80' lang='grc' dir='ltr'><strong><em>δοκεῖν,</em></strong></span> <span class='ocrx_word' id='word_1_59' title='bbox 998 622 1178 679; x_wconf 71' lang='grc' dir='ltr'><strong><em>ἅσμενος</em></strong></span> <span class='ocrx_word' id='word_1_60' title='bbox 1208 625 1322 681; x_wconf 79' lang='grc' dir='ltr'><strong>κᾶγοό</strong></span> <span class='ocrx_word' id='word_1_61' title='bbox 1352 625 1494 668; x_wconf 88' lang='grc' dir='ltr'><strong><em>λοιπὸν</em></strong></span> <span class='ocrx_word' id='word_1_62' title='bbox 1521 627 1672 670; x_wconf 64' lang='grc' dir='ltr'><strong><em>αὐτίκα</em></strong></span> 
     </span>
     <span class='ocr_line' id='line_1_10' title="bbox 215 687 1670 772; baseline 0 -36"><span class='ocrx_word' id='word_1_63' title='bbox 215 696 332 749; x_wconf 83' lang='grc' dir='ltr'><strong><em>μάλα</em></strong></span> <span class='ocrx_word' id='word_1_64' title='bbox 363 693 437 747; x_wconf 75' lang='grc' dir='ltr'><strong><em>τὴν</em></strong></span> <span class='ocrx_word' id='word_1_65' title='bbox 465 695 543 748; x_wconf 84' lang='grc' dir='ltr'><strong><em>σὴν</em></strong></span> <span class='ocrx_word' id='word_1_66' title='bbox 569 696 640 747; x_wconf 79' lang='grc' dir='ltr'><strong>τῆς</strong></span> <span class='ocrx_word' id='word_1_67' title='bbox 662 695 765 748; x_wconf 80' lang='grc' dir='ltr'><strong><em>ἐμῆς</em></strong></span> <span class='ocrx_word' id='word_1_68' title='bbox 796 687 1112 749; x_wconf 84' lang='grc' dir='ltr'><strong><em>α’νθαιρήσομαι</em></strong></span> <span class='ocrx_word' id='word_1_69' title='bbox 1143 694 1362 748; x_wconf 76' lang='grc' dir='ltr'><strong><em>βούλησιν.</em></strong></span> <span class='ocrx_word' id='word_1_70' title='bbox 1419 710 1491 736; x_wconf 82' lang='grc' dir='ltr'><strong>και</strong></span> <span class='ocrx_word' id='word_1_71' title='bbox 1517 695 1565 737; x_wconf 73' lang='lat' dir='ltr'><strong>‘n&#39;</strong></span> <span class='ocrx_word' id='word_1_72' title='bbox 1571 695 1670 772; x_wconf 40' lang='grc' dir='ltr'><strong>,γὰρ</strong></span> 
     </span>
     <span class='ocr_line' id='line_1_11' title="bbox 216 755 1672 816; baseline 0.001 -14"><span class='ocrx_word' id='word_1_73' title='bbox 216 757 317 803; x_wconf 88' lang='grc' dir='ltr'><strong><em>αλλο</em></strong></span> <span class='ocrx_word' id='word_1_74' title='bbox 347 776 427 803; x_wconf 80' lang='grc' dir='ltr'><strong><em>των</em></strong></span> <span class='ocrx_word' id='word_1_75' title='bbox 460 755 608 802; x_wconf 88' lang='grc' dir='ltr'><strong><em>αλλων</em></strong></span> <span class='ocrx_word' id='word_1_76' title='bbox 643 759 800 811; x_wconf 80' lang='grc' dir='ltr'><strong><em>δόξειεν</em></strong></span> <span class='ocrx_word' id='word_1_77' title='bbox 839 778 892 802; x_wconf 82' lang='lat' dir='ltr'><strong>av</strong></span> <span class='ocrx_word' id='word_1_78' title='bbox 947 759 1321 814; x_wconf 76' lang='grc' dir='ltr'><strong><em>ευδαιμονέστερον</em></strong></span> <span class='ocrx_word' id='word_1_79' title='bbox 1359 758 1498 814; x_wconf 77' lang='grc' dir='ltr'><strong><em>ἔμοιγε</em></strong></span> <span class='ocrx_word' id='word_1_80' title='bbox 1540 762 1616 803; x_wconf 75' lang='grc' dir='ltr'><strong>νῦν</strong></span> <span class='ocrx_word' id='word_1_81' title='bbox 1647 756 1672 816; x_wconf 80' lang='grc' dir='ltr'><em>ἢ</em></span> 
     </span>
     <span class='ocr_line' id='line_1_12' title="bbox 214 820 1673 881; baseline 0.001 -13"><span class='ocrx_word' id='word_1_82' title='bbox 214 830 286 869; x_wconf 88' lang='grc' dir='ltr'><strong><em>σοι’</em></strong></span> <span class='ocrx_word' id='word_1_83' title='bbox 304 842 350 880; x_wconf 88' lang='grc' dir='ltr'><strong><em>γε</em></strong></span> <span class='ocrx_word' id='word_1_84' title='bbox 379 826 432 868; x_wconf 83' lang='grc' dir='ltr'><strong>τοὶ</strong></span> <span class='ocrx_word' id='word_1_85' title='bbox 463 827 638 868; x_wconf 83' lang='grc' dir='ltr'><strong><em>τοιαῦτα</em></strong></span> <span class='ocrx_word' id='word_1_86' title='bbox 671 827 930 880; x_wconf 80' lang='grc' dir='ltr'><strong><em>χαρίζεσθαι</em></strong></span> <span class='ocrx_word' id='word_1_87' title='bbox 968 842 1048 867; x_wconf 89' lang='grc' dir='ltr'><strong><em>των</em></strong></span> <span class='ocrx_word' id='word_1_88' title='bbox 1077 824 1358 881; x_wconf 78' lang='grc' dir='ltr'><strong><em>διηγημάτων,</em></strong></span> <span class='ocrx_word' id='word_1_89' title='bbox 1389 820 1449 868; x_wconf 73' lang='grc' dir='ltr'><strong><em>ὧν</em></strong></span> <span class='ocrx_word' id='word_1_90' title='bbox 1476 827 1571 879; x_wconf 76' lang='grc' dir='ltr'><strong><em>ἐμοι</em></strong></span> <span class='ocrx_word' id='word_1_91' title='bbox 1587 829 1673 880; x_wconf 80' lang='grc' dir='ltr'><strong><em>μὲν</em></strong></span> 
     </span>
     <span class='ocr_line' id='line_1_13' title="bbox 215 889 1390 950; baseline -0.001 -18"><span class='ocrx_word' id='word_1_92' title='bbox 215 889 316 950; x_wconf 75' lang='grc' dir='ltr'><strong><em>ῥᾷον</em></strong></span> <span class='ocrx_word' id='word_1_93' title='bbox 346 893 486 945; x_wconf 67' lang='grc' dir='ltr'><strong><em>οὐδέν,</em></strong></span> <span class='ocrx_word' id='word_1_94' title='bbox 510 895 581 939; x_wconf 75' lang='grc' dir='ltr'><strong><em>,σοι’</em></strong></span> <span class='ocrx_word' id='word_1_95' title='bbox 611 894 656 933; x_wconf 80' lang='grc' dir='ltr'><strong>δὲ</strong></span> <span class='ocrx_word' id='word_1_96' title='bbox 693 895 855 945; x_wconf 86' lang='grc' dir='ltr'><strong><em>βέλτιον</em></strong></span> <span class='ocrx_word' id='word_1_97' title='bbox 892 893 1029 934; x_wconf 71' lang='grc' dir='ltr'><strong><em>οὐδέν.</em></strong></span> <span class='ocrx_word' id='word_1_98' title='bbox 1383 909 1390 913; x_wconf 87' lang='grc'><strong><em>·</em></strong></span> 
     </span>
    </p>

    <p class='ocr_par' dir='ltr' id='par_1_4' title="bbox 212 951 1675 1746">
     <span class='ocr_line' id='line_1_14' title="bbox 347 951 1673 1036; baseline -0.002 -36"><span class='ocrx_word' id='word_1_99' title='bbox 347 959 469 1000; x_wconf 76' lang='grc' dir='ltr'><strong>Ἀλλὰ</strong></span> <span class='ocrx_word' id='word_1_100' title='bbox 516 958 594 1012; x_wconf 74' lang='grc' dir='ltr'><strong>γὰρ</strong></span> <span class='ocrx_word' id='word_1_101' title='bbox 627 958 648 999; x_wconf 79' lang='grc' dir='ltr'>ὁ</span> <span class='ocrx_word' id='word_1_102' title='bbox 695 956 859 1012; x_wconf 72' lang='grc' dir='ltr'><strong><em>ἑταῖρος</em></strong></span> <span class='ocrx_word' id='word_1_103' title='bbox 904 959 1004 1013; x_wconf 76' lang='grc' dir='ltr'><strong><em>ἡμῖν</em></strong></span> <span class='ocrx_word' id='word_1_104' title='bbox 1041 958 1351 1012; x_wconf 70' lang='grc' dir='ltr'><strong><em>Ἀγαθοὶγγελος</em></strong></span> <span class='ocrx_word' id='word_1_105' title='bbox 1386 951 1565 1036; x_wconf 56' lang='grc' dir='ltr'><strong><em>τοιαεῦτα</em></strong></span> <span class='ocrx_word' id='word_1_106' title='bbox 1595 957 1673 1010; x_wconf 73' lang='grc' dir='ltr'><strong><em>μὲν</em></strong></span> 
     </span>
     <span class='ocr_line' id='line_1_15' title="bbox 215 1015 1675 1080; baseline -0.001 -14"><span class='ocrx_word' id='word_1_107' title='bbox 215 1025 321 1080; x_wconf 71' lang='grc' dir='ltr'><strong><em>ὑπὲρ</em></strong></span> <span class='ocrx_word' id='word_1_108' title='bbox 343 1042 403 1066; x_wconf 85' lang='grc' dir='ltr'><strong><em>ων</em></strong></span> <span class='ocrx_word' id='word_1_109' title='bbox 423 1026 679 1080; x_wconf 75' lang='grc' dir='ltr'><strong><em>σεσιαῖπηκεν</em></strong></span> <span class='ocrx_word' id='word_1_110' title='bbox 701 1023 1023 1079; x_wconf 81' lang='grc' dir='ltr'><strong><em>οἷπολελόγηται,</em></strong></span> <span class='ocrx_word' id='word_1_111' title='bbox 1055 1027 1234 1065; x_wconf 82' lang='grc' dir='ltr'><strong><em>τοιαῦτα</em></strong></span> <span class='ocrx_word' id='word_1_112' title='bbox 1251 1024 1296 1064; x_wconf 83' lang='grc' dir='ltr'><strong>δὲ</strong></span> <span class='ocrx_word' id='word_1_113' title='bbox 1324 1023 1431 1077; x_wconf 67' lang='grc' dir='ltr'><strong><em>ὑπὲρ</em></strong></span> <span class='ocrx_word' id='word_1_114' title='bbox 1461 1015 1520 1066; x_wconf 76' lang='grc' dir='ltr'><strong><em>ὧν</em></strong></span> <span class='ocrx_word' id='word_1_115' title='bbox 1537 1026 1675 1078; x_wconf 74' lang='grc' dir='ltr'><strong><em>φθέγ-</em></strong></span> 
     </span>
     <span class='ocr_line' id='line_1_16' title="bbox 213 1084 1673 1146; baseline -0.001 -13"><span class='ocrx_word' id='word_1_116' title='bbox 213 1093 321 1142; x_wconf 80' lang='grc' dir='ltr'><strong><em>ξαιτ’</em></strong></span> <span class='ocrx_word' id='word_1_117' title='bbox 352 1088 404 1133; x_wconf 80' lang='grc' dir='ltr'><strong><em>ἂν</em></strong></span> <span class='ocrx_word' id='word_1_118' title='bbox 443 1092 502 1141; x_wconf 80' lang='grc' dir='ltr'><strong><em>εἰς</em></strong></span> <span class='ocrx_word' id='word_1_119' title='bbox 538 1091 709 1133; x_wconf 70' lang='grc' dir='ltr'><strong><em>τούπιὸν</em></strong></span> <span class='ocrx_word' id='word_1_120' title='bbox 749 1094 820 1146; x_wconf 75' lang='grc' dir='ltr'><strong>τῆς</strong></span> <span class='ocrx_word' id='word_1_121' title='bbox 861 1092 1094 1146; x_wconf 78' lang='grc' dir='ltr'><strong><em>διηγήσεως</em></strong></span> <span class='ocrx_word' id='word_1_122' title='bbox 1141 1084 1437 1145; x_wconf 82' lang='grc' dir='ltr'><strong><em>ἐπηγγέλλετο,</em></strong></span> <span class='ocrx_word' id='word_1_123' title='bbox 1487 1105 1571 1132; x_wconf 80' lang='grc' dir='ltr'><strong><em>των</em></strong></span> <span class='ocrx_word' id='word_1_124' title='bbox 1592 1090 1673 1143; x_wconf 78' lang='grc' dir='ltr'><strong>μὲν</strong></span> 
     </span>
     <span class='ocr_line' id='line_1_17' title="bbox 216 1151 1669 1214; baseline -0.002 -14"><span class='ocrx_word' id='word_1_125' title='bbox 216 1161 428 1214; x_wconf 77' lang='grc' dir='ltr'><strong><em>προτέρων</em></strong></span> <span class='ocrx_word' id='word_1_126' title='bbox 474 1156 630 1212; x_wconf 72' lang='grc' dir='ltr'><strong><em>σμικροὶ</em></strong></span> <span class='ocrx_word' id='word_1_127' title='bbox 673 1157 1040 1211; x_wconf 80' lang='grc' dir='ltr'><strong><em>ἐπαναλαμβάνειν</em></strong></span> <span class='ocrx_word' id='word_1_128' title='bbox 1086 1157 1154 1199; x_wconf 81' lang='grc' dir='ltr'><strong><em>διὰ</em></strong></span> <span class='ocrx_word' id='word_1_129' title='bbox 1201 1156 1248 1198; x_wconf 83' lang='grc' dir='ltr'><strong>τὸ</strong></span> <span class='ocrx_word' id='word_1_130' title='bbox 1281 1151 1363 1212; x_wconf 77' lang='grc' dir='ltr'><strong>ἤδη</strong></span> <span class='ocrx_word' id='word_1_131' title='bbox 1392 1158 1592 1211; x_wconf 81' lang='grc' dir='ltr'><strong><em>εἰρῆσθαι</em></strong></span> <span class='ocrx_word' id='word_1_132' title='bbox 1617 1154 1669 1197; x_wconf 62' lang='grc' dir='ltr'><strong>ια’</strong></span> 
     </span>
     <span class='ocr_line' id='line_1_18' title="bbox 214 1222 1674 1280; baseline -0.001 -14"><span class='ocrx_word' id='word_1_133' title='bbox 214 1228 359 1278; x_wconf 80' lang='grc' dir='ltr'><strong><em>πλείω,</em></strong></span> <span class='ocrx_word' id='word_1_134' title='bbox 388 1230 474 1274; x_wconf 85' lang='grc' dir='ltr'><strong><em>τοῖς</em></strong></span> <span class='ocrx_word' id='word_1_135' title='bbox 515 1227 550 1266; x_wconf 83' lang='grc' dir='ltr'><strong>δ’</strong></span> <span class='ocrx_word' id='word_1_136' title='bbox 584 1227 750 1267; x_wconf 79' lang='grc' dir='ltr'><strong><em>ἐπιοῦσι</em></strong></span> <span class='ocrx_word' id='word_1_137' title='bbox 779 1226 863 1266; x_wconf 75' lang='grc' dir='ltr'><strong><em>τῶν</em></strong></span> <span class='ocrx_word' id='word_1_138' title='bbox 904 1224 1138 1277; x_wconf 69' lang='grc' dir='ltr'><strong><em>ἀναγκαίων</em></strong></span> <span class='ocrx_word' id='word_1_139' title='bbox 1173 1225 1316 1280; x_wconf 66' lang='grc' dir='ltr'><strong><em>μηδὲνξ</em></strong></span> <span class='ocrx_word' id='word_1_140' title='bbox 1341 1222 1674 1277; x_wconf 66' lang='grc' dir='ltr'><strong><em>ὑπισχνούμενος</em></strong></span> 
     </span>
     <span class='ocr_line' id='line_1_19' title="bbox 213 1287 1674 1346; baseline -0.001 -13"><span class='ocrx_word' id='word_1_141' title='bbox 213 1293 503 1346; x_wconf 81' lang='grc' dir='ltr'><strong><em>παραλείπειν.</em></strong></span> <span class='ocrx_word' id='word_1_142' title='bbox 567 1293 758 1346; x_wconf 80' lang='grc' dir='ltr'><strong><em>ἐντυχεῖν</em></strong></span> <span class='ocrx_word' id='word_1_143' title='bbox 788 1294 866 1345; x_wconf 83' lang='grc' dir='ltr'><strong><em>μὲν</em></strong></span> <span class='ocrx_word' id='word_1_144' title='bbox 896 1287 971 1332; x_wconf 71' lang='grc' dir='ltr'><strong><em>οὖν</em></strong></span> <span class='ocrx_word' id='word_1_145' title='bbox 1009 1289 1123 1345; x_wconf 78' lang='grc' dir='ltr'><strong><em>ἔλεγε</em></strong></span> <span class='ocrx_word' id='word_1_146' title='bbox 1167 1290 1237 1333; x_wconf 82' lang='grc' dir='ltr'><strong><em>καί</em></strong></span> <span class='ocrx_word' id='word_1_147' title='bbox 1254 1292 1348 1333; x_wconf 76' lang='grc' dir='ltr'><strong><em>’τῶν</em></strong></span> <span class='ocrx_word' id='word_1_148' title='bbox 1377 1291 1674 1346; x_wconf 72' lang='grc' dir='ltr'><strong><em>μἐρικωτέρων</em></strong></span> 
     </span>
     <span class='ocr_line' id='line_1_20' title="bbox 214 1355 1674 1416; baseline -0.003 -15"><span class='ocrx_word' id='word_1_149' title='bbox 214 1359 450 1401; x_wconf 83' lang='grc' dir='ltr'><strong><em>ἐπισκόπων</em></strong></span> <span class='ocrx_word' id='word_1_150' title='bbox 496 1355 585 1401; x_wconf 83' lang='grc' dir='ltr'><strong><em>ὅσοι</em></strong></span> <span class='ocrx_word' id='word_1_151' title='bbox 637 1360 732 1401; x_wconf 85' lang='grc' dir='ltr'><strong><em>καθ’</em></strong></span> <span class='ocrx_word' id='word_1_152' title='bbox 773 1358 823 1408; x_wconf 76' lang='grc' dir='ltr'><strong>ἂς</strong></span> <span class='ocrx_word' id='word_1_153' title='bbox 869 1359 996 1407; x_wconf 71' lang='grc' dir='ltr'><strong><em>αὕτὸς</em></strong></span> <span class='ocrx_word' id='word_1_154' title='bbox 1036 1356 1200 1416; x_wconf 80' lang='grc' dir='ltr'><strong><em>περιῄει</em></strong></span> <span class='ocrx_word' id='word_1_155' title='bbox 1240 1356 1384 1411; x_wconf 79' lang='grc' dir='ltr'><strong><em>κώμας</em></strong></span> <span class='ocrx_word' id='word_1_156' title='bbox 1422 1357 1494 1398; x_wconf 79' lang='grc' dir='ltr'><strong><em>καί</em></strong></span> <span class='ocrx_word' id='word_1_157' title='bbox 1530 1355 1674 1404; x_wconf 79' lang='grc' dir='ltr'><strong><em>πόλεις</em></strong></span> 
     </span>
     <span class='ocr_line' id='line_1_21' title="bbox 213 1420 1673 1479; baseline -0.003 -13"><span class='ocrx_word' id='word_1_158' title='bbox 213 1425 440 1478; x_wconf 78' lang='grc' dir='ltr'><strong><em>ἐτύγχανον</em></strong></span> <span class='ocrx_word' id='word_1_159' title='bbox 463 1420 592 1475; x_wconf 79' lang='grc' dir='ltr'><strong><em>ὄντες,</em></strong></span> <span class='ocrx_word' id='word_1_160' title='bbox 614 1422 806 1479; x_wconf 79' lang='grc' dir='ltr'><strong><em>ἐντυχεῖν</em></strong></span> <span class='ocrx_word' id='word_1_161' title='bbox 829 1427 874 1467; x_wconf 80' lang='grc' dir='ltr'><strong>δὲ</strong></span> <span class='ocrx_word' id='word_1_162' title='bbox 894 1426 926 1450; x_wconf 86' lang='lat'><em>“</em></span> <span class='ocrx_word' id='word_1_163' title='bbox 939 1426 1123 1478; x_wconf 84' lang='grc' dir='ltr'><strong><em>μάλιστα</em></strong></span> <span class='ocrx_word' id='word_1_164' title='bbox 1139 1422 1190 1479; x_wconf 75' lang='grc' dir='ltr'><strong>δή</strong></span> <span class='ocrx_word' id='word_1_165' title='bbox 1210 1421 1496 1478; x_wconf 65' lang='grc' dir='ltr'><strong><em>πατριάρχαις</em></strong></span> <span class='ocrx_word' id='word_1_166' title='bbox 1515 1424 1673 1476; x_wconf 67' lang='grc' dir='ltr'><strong><em>αὐτοῖς,</em></strong></span> 
     </span>
     <span class='ocr_line' id='line_1_22' title="bbox 214 1490 1672 1549; baseline -0.002 -16"><span class='ocrx_word' id='word_1_167' title='bbox 214 1491 436 1548; x_wconf 80' lang='grc' dir='ltr'><strong><em>Γρηγορίῳ</em></strong></span> <span class='ocrx_word' id='word_1_168' title='bbox 467 1507 512 1532; x_wconf 86' lang='grc' dir='ltr'><strong><em>τε</em></strong></span> <span class='ocrx_word' id='word_1_169' title='bbox 548 1490 703 1546; x_wconf 73' lang='grc' dir='ltr'><strong><em>δηλαδή</em></strong></span> <span class='ocrx_word' id='word_1_170' title='bbox 750 1494 805 1549; x_wconf 73' lang='grc' dir='ltr'><strong>τῷ</strong></span> <span class='ocrx_word' id='word_1_171' title='bbox 834 1492 1148 1546; x_wconf 67' lang='grc' dir='ltr'><strong><em>Ἀλεξανδρειας</em></strong></span> <span class='ocrx_word' id='word_1_172' title='bbox 1187 1490 1258 1532; x_wconf 82' lang='grc' dir='ltr'><strong><em>καί</em></strong></span> <span class='ocrx_word' id='word_1_173' title='bbox 1298 1490 1476 1548; x_wconf 81' lang='grc' dir='ltr'><strong><em>Ἰγνατίῳ</em></strong></span> <span class='ocrx_word' id='word_1_174' title='bbox 1502 1490 1672 1532; x_wconf 85' lang='grc' dir='ltr'><strong><em>Ἀντιο-</em></strong></span> 
     </span>
     <span class='ocr_line' id='line_1_23' title="bbox 212 1554 1671 1615; baseline 0 -17"><span class='ocrx_word' id='word_1_175' title='bbox 212 1559 362 1610; x_wconf 84' lang='grc' dir='ltr'><strong><em>χειάς,</em></strong></span> <span class='ocrx_word' id='word_1_176' title='bbox 395 1559 465 1598; x_wconf 79' lang='grc' dir='ltr'><em>καί</em></span> <span class='ocrx_word' id='word_1_177' title='bbox 493 1560 617 1615; x_wconf 79' lang='grc' dir='ltr'><strong><em>τρίτῳ</em></strong></span> <span class='ocrx_word' id='word_1_178' title='bbox 662 1555 704 1607; x_wconf 82' lang='grc' dir='ltr'><strong>ὃς</strong></span> <span class='ocrx_word' id='word_1_179' title='bbox 731 1560 827 1612; x_wconf 73' lang='grc' dir='ltr'><strong><em>πρὶν</em></strong></span> <span class='ocrx_word' id='word_1_180' title='bbox 858 1554 884 1613; x_wconf 75' lang='grc' dir='ltr'><em>ἢ</em></span> <span class='ocrx_word' id='word_1_181' title='bbox 918 1557 1125 1611; x_wconf 77' lang='grc' dir='ltr'><strong><em>Λάζαρον</em></strong></span> <span class='ocrx_word' id='word_1_182' title='bbox 1152 1559 1270 1611; x_wconf 80' lang='grc' dir='ltr'><strong><em>τῆτες</em></strong></span> <span class='ocrx_word' id='word_1_183' title='bbox 1307 1559 1439 1599; x_wconf 77' lang='grc' dir='ltr'><strong><em>ἐκεῖσε</em></strong></span> <span class='ocrx_word' id='word_1_184' title='bbox 1469 1558 1671 1613; x_wconf 79' lang='grc' dir='ltr'><strong><em>α’φῖχθαι,</em></strong></span> 
     </span>
     <span class='ocr_line' id='line_1_24' title="bbox 216 1621 1672 1679; baseline 0.001 -15"><span class='ocrx_word' id='word_1_185' title='bbox 216 1621 289 1664; x_wconf 86' lang='grc' dir='ltr'><strong><em>τόν</em></strong></span> <span class='ocrx_word' id='word_1_186' title='bbox 320 1623 630 1679; x_wconf 84' lang='grc' dir='ltr'><strong><em>πατριαρχικὸν</em></strong></span> <span class='ocrx_word' id='word_1_187' title='bbox 654 1623 953 1678; x_wconf 78' lang='grc' dir='ltr'><strong><em>Ἱεροσολύμων</em></strong></span> <span class='ocrx_word' id='word_1_188' title='bbox 984 1626 1117 1665; x_wconf 83' lang='grc' dir='ltr'><strong><em>διεῖπε</em></strong></span> <span class='ocrx_word' id='word_1_189' title='bbox 1146 1621 1326 1678; x_wconf 76' lang='grc' dir='ltr'><strong><em>θρόνον·</em></strong></span> <span class='ocrx_word' id='word_1_190' title='bbox 1355 1622 1401 1665; x_wconf 84' lang='grc' dir='ltr'><strong>τὸ</strong></span> <span class='ocrx_word' id='word_1_191' title='bbox 1430 1623 1509 1679; x_wconf 82' lang='grc' dir='ltr'><strong>γάρ</strong></span> <span class='ocrx_word' id='word_1_192' title='bbox 1536 1627 1605 1665; x_wconf 73' lang='grc' dir='ltr'><strong>τοί</strong></span> <span class='ocrx_word' id='word_1_193' title='bbox 1626 1639 1672 1677; x_wconf 81' lang='grc' dir='ltr'><strong><em>γε</em></strong></span> 
     </span>
     <span class='ocr_line' id='line_1_25' title="bbox 215 1683 1672 1746; baseline 0.001 -16"><span class='ocrx_word' id='word_1_194' title='bbox 215 1683 346 1743; x_wconf 64' lang='grc' dir='ltr'><strong><em>ὄνομα</em></strong></span> <span class='ocrx_word' id='word_1_195' title='bbox 378 1690 566 1745; x_wconf 84' lang='grc' dir='ltr'><strong><em>ἐλελήθει</em></strong></span> <span class='ocrx_word' id='word_1_196' title='bbox 594 1707 649 1744; x_wconf 87' lang='grc' dir='ltr'><strong><em>με</em></strong></span> <span class='ocrx_word' id='word_1_197' title='bbox 678 1694 753 1733; x_wconf 82' lang='grc' dir='ltr'><strong>τοῦ</strong></span> <span class='ocrx_word' id='word_1_198' title='bbox 781 1688 948 1746; x_wconf 79' lang='grc' dir='ltr'><strong><em>α’νὸρός.</em></strong></span> <span class='ocrx_word' id='word_1_199' title='bbox 983 1689 1173 1745; x_wconf 79' lang='grc' dir='ltr'><strong><em>ἐντυχεῖν</em></strong></span> <span class='ocrx_word' id='word_1_200' title='bbox 1207 1693 1246 1732; x_wconf 84' lang='grc' dir='ltr'><strong>δ’</strong></span> <span class='ocrx_word' id='word_1_201' title='bbox 1274 1685 1351 1733; x_wconf 73' lang='grc' dir='ltr'><strong><em>οὖν</em></strong></span> <span class='ocrx_word' id='word_1_202' title='bbox 1376 1691 1420 1733; x_wconf 77' lang='grc' dir='ltr'><strong><em>ἐν</em></strong></span> <span class='ocrx_word' id='word_1_203' title='bbox 1448 1686 1672 1746; x_wconf 79' lang='grc' dir='ltr'><strong><em>διαφόροις</em></strong></span> 
     </span>
    </p>
   </div>
   <div class='ocr_carea' id='block_1_4' title="bbox 211 1891 1672 2300">
    <p class='ocr_par' dir='ltr' id='par_1_5' title="bbox 211 1891 1672 2300">
     <span class='ocr_line' id='line_1_26' title="bbox 212 1891 1672 1937; baseline 0.001 -12"><span class='ocrx_word' id='word_1_204' title='bbox 212 1891 312 1925; x_wconf 85' lang='lat' dir='ltr'><strong>tione</strong></span> <span class='ocrx_word' id='word_1_205' title='bbox 339 1900 518 1935; x_wconf 82' lang='lat' dir='ltr'>exponere</span> <span class='ocrx_word' id='word_1_206' title='bbox 544 1891 648 1926; x_wconf 87' lang='lat' dir='ltr'><strong>valde</strong></span> <span class='ocrx_word' id='word_1_207' title='bbox 674 1891 809 1926; x_wconf 88' lang='lat' dir='ltr'><strong>veritus</strong></span> <span class='ocrx_word' id='word_1_208' title='bbox 838 1891 916 1933; x_wconf 90' lang='lat' dir='ltr'><strong>sim,</strong></span> <span class='ocrx_word' id='word_1_209' title='bbox 939 1901 985 1926; x_wconf 87' lang='lat' dir='ltr'><strong>ne</strong></span> <span class='ocrx_word' id='word_1_210' title='bbox 996 1892 1214 1927; x_wconf 88' lang='lat' dir='ltr'><strong>diversarum</strong></span> <span class='ocrx_word' id='word_1_211' title='bbox 1224 1902 1342 1927; x_wconf 90' lang='lat' dir='ltr'><strong>rerum</strong></span> <span class='ocrx_word' id='word_1_212' title='bbox 1367 1891 1672 1937; x_wconf 72' lang='lat' dir='ltr'><strong>conglutinatione</strong></span> 
     </span>
     <span class='ocr_line' id='line_1_27' title="bbox 212 1938 1670 1984; baseline 0.001 -13"><span class='ocrx_word' id='word_1_213' title='bbox 212 1943 291 1972; x_wconf 86' lang='lat' dir='ltr'><strong>tuas</strong></span> <span class='ocrx_word' id='word_1_214' title='bbox 318 1948 422 1972; x_wconf 89' lang='lat' dir='ltr'><strong>aures</strong></span> <span class='ocrx_word' id='word_1_215' title='bbox 449 1939 690 1980; x_wconf 87' lang='lat' dir='ltr'><strong>obtunderem‚</strong></span> <span class='ocrx_word' id='word_1_216' title='bbox 1291 1938 1352 1972; x_wconf 92' lang='lat' dir='ltr'><strong>ubi</strong></span> <span class='ocrx_word' id='word_1_217' title='bbox 1379 1949 1482 1984; x_wconf 85' lang='lat' dir='ltr'><strong>quam</strong></span> <span class='ocrx_word' id='word_1_218' title='bbox 1507 1940 1670 1981; x_wconf 78' lang='lat' dir='ltr'>maxime,</span> 
     </span>
     <span class='ocr_line' id='line_1_28' title="bbox 215 1985 1671 2030; baseline 0.001 -12"><span class='ocrx_word' id='word_1_219' title='bbox 215 1985 450 2030; x_wconf 90' lang='lat' dir='ltr'><strong>quodcunque</strong></span> <span class='ocrx_word' id='word_1_220' title='bbox 474 1986 534 2019; x_wconf 90' lang='lat' dir='ltr'><strong>vel</strong></span> <span class='ocrx_word' id='word_1_221' title='bbox 559 1986 724 2019; x_wconf 81' lang='lat' dir='ltr'><strong>minimae</strong></span> <span class='ocrx_word' id='word_1_222' title='bbox 757 1985 943 2019; x_wconf 84' lang='lat' dir='ltr'><strong>molestiae</strong></span> <span class='ocrx_word' id='word_1_223' title='bbox 976 1996 1186 2030; x_wconf 88' lang='lat' dir='ltr'><strong>quacunque</strong></span> <span class='ocrx_word' id='word_1_224' title='bbox 1213 1997 1257 2019; x_wconf 86' lang='lat' dir='ltr'><strong>ex</strong></span> <span class='ocrx_word' id='word_1_225' title='bbox 1282 1996 1388 2019; x_wconf 84' lang='lat' dir='ltr'><strong>causa</strong></span> <span class='ocrx_word' id='word_1_226' title='bbox 1415 1985 1576 2020; x_wconf 79' lang='lat' dir='ltr'><strong>efficiens</strong></span> <span class='ocrx_word' id='word_1_227' title='bbox 1591 1996 1671 2020; x_wconf 88' lang='lat' dir='ltr'><strong>esse</strong></span> 
     </span>
     <span class='ocr_line' id='line_1_29' title="bbox 214 2032 1670 2077; baseline 0.001 -13"><span class='ocrx_word' id='word_1_228' title='bbox 214 2037 348 2076; x_wconf 88' lang='lat' dir='ltr'><strong>posset,</strong></span> <span class='ocrx_word' id='word_1_229' title='bbox 375 2032 410 2065; x_wconf 89' lang='lat' dir='ltr'><strong>id</strong></span> <span class='ocrx_word' id='word_1_230' title='bbox 437 2032 479 2065; x_wconf 91' lang='lat' dir='ltr'><strong>ab</strong></span> <span class='ocrx_word' id='word_1_231' title='bbox 505 2034 598 2065; x_wconf 90' lang='lat' dir='ltr'><strong>omni</strong></span> <span class='ocrx_word' id='word_1_232' title='bbox 627 2033 958 2066; x_wconf 84' lang='lat' dir='ltr'><strong>commemoratione</strong></span> <span class='ocrx_word' id='word_1_233' title='bbox 983 2034 1174 2077; x_wconf 87' lang='lat' dir='ltr'><strong>seiungere</strong></span> <span class='ocrx_word' id='word_1_234' title='bbox 1199 2042 1271 2066; x_wconf 91' lang='lat' dir='ltr'><strong>non</strong></span> <span class='ocrx_word' id='word_1_235' title='bbox 1296 2033 1395 2077; x_wconf 84' lang='lat' dir='ltr'><strong>potui</strong></span> <span class='ocrx_word' id='word_1_236' title='bbox 1420 2042 1491 2066; x_wconf 90' lang='lat' dir='ltr'><strong>non</strong></span> <span class='ocrx_word' id='word_1_237' title='bbox 1517 2034 1553 2066; x_wconf 91' lang='lat' dir='ltr'><strong>in</strong></span> <span class='ocrx_word' id='word_1_238' title='bbox 1588 2034 1670 2066; x_wconf 85' lang='lat' dir='ltr'><strong>ani-</strong></span> 
     </span>
     <span class='ocr_line' id='line_1_30' title="bbox 211 2079 1671 2134; baseline 0.001 -23"><span class='ocrx_word' id='word_1_239' title='bbox 211 2089 304 2112; x_wconf 88' lang='lat' dir='ltr'><strong>mum</strong></span> <span class='ocrx_word' id='word_1_240' title='bbox 330 2079 510 2112; x_wconf 84' lang='lat' dir='ltr'><strong>inducere.</strong></span> <span class='ocrx_word' id='word_1_241' title='bbox 559 2089 652 2112; x_wconf 90' lang='lat' dir='ltr'><strong>nunc</strong></span> <span class='ocrx_word' id='word_1_242' title='bbox 679 2089 764 2112; x_wconf 89' lang='lat' dir='ltr'><strong>vero</strong></span> <span class='ocrx_word' id='word_1_243' title='bbox 791 2090 894 2123; x_wconf 93' lang='lat' dir='ltr'><strong>quum</strong></span> <span class='ocrx_word' id='word_1_244' title='bbox 919 2079 983 2113; x_wconf 90' lang='lat' dir='ltr'><strong>tibi</strong></span> <span class='ocrx_word' id='word_1_245' title='bbox 1008 2079 1117 2112; x_wconf 91' lang='lat' dir='ltr'><strong>multo</strong></span> <span class='ocrx_word' id='word_1_246' title='bbox 1144 2080 1276 2134; x_wconf 80' lang='lat' dir='ltr'><strong>gratius</strong></span> <span class='ocrx_word' id='word_1_247' title='bbox 1302 2079 1367 2113; x_wconf 87' lang='lat' dir='ltr'><strong>hac</strong></span> <span class='ocrx_word' id='word_1_248' title='bbox 1394 2080 1553 2122; x_wconf 85' lang='lat' dir='ltr'><strong>ratione,</strong></span> <span class='ocrx_word' id='word_1_249' title='bbox 1569 2090 1671 2124; x_wconf 88' lang='lat' dir='ltr'><strong>quam</strong></span> 
     </span>
     <span class='ocr_line' id='line_1_31' title="bbox 217 2125 1668 2170; baseline 0.002 -12"><span class='ocrx_word' id='word_1_250' title='bbox 217 2125 292 2167; x_wconf 88' lang='lat' dir='ltr'><strong>illa,</strong></span> <span class='ocrx_word' id='word_1_251' title='bbox 320 2136 378 2159; x_wconf 90' lang='lat' dir='ltr'><strong>res</strong></span> <span class='ocrx_word' id='word_1_252' title='bbox 405 2136 568 2159; x_wconf 90' lang='lat' dir='ltr'><strong>enarrare</strong></span> <span class='ocrx_word' id='word_1_253' title='bbox 595 2126 708 2159; x_wconf 88' lang='lat' dir='ltr'><strong>videri</strong></span> <span class='ocrx_word' id='word_1_254' title='bbox 736 2127 981 2170; x_wconf 85' lang='lat' dir='ltr'><strong>cognoverim,</strong></span> <span class='ocrx_word' id='word_1_255' title='bbox 1007 2125 1172 2159; x_wconf 83' lang='lat' dir='ltr'><strong>lubenter</strong></span> <span class='ocrx_word' id='word_1_256' title='bbox 1197 2127 1263 2160; x_wconf 94' lang='lat' dir='ltr'><strong>iam</strong></span> <span class='ocrx_word' id='word_1_257' title='bbox 1277 2132 1372 2160; x_wconf 92' lang='lat' dir='ltr'><strong>tuum</strong></span> <span class='ocrx_word' id='word_1_258' title='bbox 1385 2127 1572 2160; x_wconf 86' lang='lat' dir='ltr'><strong>consilium</strong></span> <span class='ocrx_word' id='word_1_259' title='bbox 1589 2136 1668 2162; x_wconf 87' lang='lat' dir='ltr'><strong>meo</strong></span> 
     </span>
     <span class='ocr_line' id='line_1_32' title="bbox 214 2172 1667 2218; baseline 0.001 -14"><span class='ocrx_word' id='word_1_260' title='bbox 214 2177 435 2215; x_wconf 83' lang='lat' dir='ltr'><strong>anteponam.</strong></span> <span class='ocrx_word' id='word_1_261' title='bbox 495 2173 577 2216; x_wconf 88' lang='lat' dir='ltr'><strong>quid</strong></span> <span class='ocrx_word' id='word_1_262' title='bbox 613 2174 702 2205; x_wconf 87' lang='lat' dir='ltr'><strong>enim</strong></span> <span class='ocrx_word' id='word_1_263' title='bbox 741 2172 836 2206; x_wconf 91' lang='lat' dir='ltr'><strong>aliud</strong></span> <span class='ocrx_word' id='word_1_264' title='bbox 862 2173 947 2205; x_wconf 91' lang='lat' dir='ltr'><strong>mihi</strong></span> <span class='ocrx_word' id='word_1_265' title='bbox 981 2183 1074 2205; x_wconf 89' lang='lat' dir='ltr'><strong>nunc</strong></span> <span class='ocrx_word' id='word_1_266' title='bbox 1110 2174 1346 2215; x_wconf 82' lang='lat' dir='ltr'><strong>praestantius</strong></span> <span class='ocrx_word' id='word_1_267' title='bbox 1381 2173 1495 2207; x_wconf 88' lang='lat' dir='ltr'><strong>videri</strong></span> <span class='ocrx_word' id='word_1_268' title='bbox 1531 2178 1667 2218; x_wconf 84' lang='lat' dir='ltr'><strong>potest,</strong></span> 
     </span>
     <span class='ocr_line' id='line_1_33' title="bbox 213 2219 1668 2264; baseline 0.001 -13"><span class='ocrx_word' id='word_1_269' title='bbox 213 2229 317 2263; x_wconf 89' lang='lat' dir='ltr'><strong>quam</strong></span> <span class='ocrx_word' id='word_1_270' title='bbox 342 2219 432 2253; x_wconf 86' lang='lat' dir='ltr'><strong>tales</strong></span> <span class='ocrx_word' id='word_1_271' title='bbox 458 2220 522 2252; x_wconf 87' lang='lat' dir='ltr'><strong>tibi</strong></span> <span class='ocrx_word' id='word_1_272' title='bbox 547 2220 767 2253; x_wconf 84' lang='lat' dir='ltr'><strong>narrationes</strong></span> <span class='ocrx_word' id='word_1_273' title='bbox 792 2229 1009 2263; x_wconf 88' lang='lat' dir='ltr'><strong>proponere,</strong></span> <span class='ocrx_word' id='word_1_274' title='bbox 1036 2219 1161 2264; x_wconf 86' lang='lat' dir='ltr'><strong>quibus</strong></span> <span class='ocrx_word' id='word_1_275' title='bbox 1187 2219 1278 2253; x_wconf 89' lang='lat' dir='ltr'><strong>nihil</strong></span> <span class='ocrx_word' id='word_1_276' title='bbox 1304 2220 1390 2253; x_wconf 90' lang='lat' dir='ltr'><strong>mihi</strong></span> <span class='ocrx_word' id='word_1_277' title='bbox 1415 2219 1577 2262; x_wconf 77' lang='lat' dir='ltr'><strong>facilius,</strong></span> <span class='ocrx_word' id='word_1_278' title='bbox 1603 2220 1668 2253; x_wconf 88' lang='lat' dir='ltr'><strong>tibi</strong></span> 
     </span>
     <span class='ocr_line' id='line_1_34' title="bbox 211 2265 545 2300; baseline 0 -2"><span class='ocrx_word' id='word_1_279' title='bbox 211 2265 302 2299; x_wconf 89' lang='lat' dir='ltr'><strong>nihil</strong></span> <span class='ocrx_word' id='word_1_280' title='bbox 327 2265 454 2299; x_wconf 89' lang='lat' dir='ltr'><strong>melius</strong></span> <span class='ocrx_word' id='word_1_281' title='bbox 482 2271 545 2300; x_wconf 87' lang='lat' dir='ltr'><strong>est.</strong></span> 
     </span>
    </p>
   </div>
   <div class='ocr_carea' id='block_1_5' title="bbox 208 2328 1668 2796">
    <p class='ocr_par' dir='ltr' id='par_1_6' title="bbox 208 2328 1668 2796">
     <span class='ocr_line' id='line_1_35' title="bbox 343 2328 1667 2375; baseline -0.001 -13"><span class='ocrx_word' id='word_1_282' title='bbox 343 2328 440 2363; x_wconf 84' lang='lat' dir='ltr'><strong>Haec</strong></span> <span class='ocrx_word' id='word_1_283' title='bbox 465 2330 574 2374; x_wconf 88' lang='lat' dir='ltr'><strong>igitur</strong></span> <span class='ocrx_word' id='word_1_284' title='bbox 599 2335 828 2375; x_wconf 83' lang='lat' dir='ltr'><strong>posteaquam</strong></span> <span class='ocrx_word' id='word_1_285' title='bbox 852 2330 1121 2375; x_wconf 84' lang='lat' dir='ltr'><strong>Agathangelus</strong></span> <span class='ocrx_word' id='word_1_286' title='bbox 1159 2331 1290 2364; x_wconf 87' lang='lat' dir='ltr'><strong>amicus</strong></span> <span class='ocrx_word' id='word_1_287' title='bbox 1325 2330 1368 2364; x_wconf 87' lang='lat' dir='ltr'><strong>de</strong></span> <span class='ocrx_word' id='word_1_288' title='bbox 1395 2330 1464 2373; x_wconf 85' lang='lat' dir='ltr'><strong>iis,</strong></span> <span class='ocrx_word' id='word_1_289' title='bbox 1501 2340 1591 2375; x_wconf 85' lang='lat' dir='ltr'><strong>quae</strong></span> <span class='ocrx_word' id='word_1_290' title='bbox 1614 2330 1667 2365; x_wconf 78' lang='lat' dir='ltr'><strong>si..</strong></span> 
     </span>
     <span class='ocr_line' id='line_1_36' title="bbox 211 2375 1667 2421; baseline 0.001 -11"><span class='ocrx_word' id='word_1_291' title='bbox 211 2375 323 2410; x_wconf 89' lang='lat' dir='ltr'><strong>lentio</strong></span> <span class='ocrx_word' id='word_1_292' title='bbox 342 2376 539 2418; x_wconf 82' lang='lat' dir='ltr'><strong>transisset,</strong></span> <span class='ocrx_word' id='word_1_293' title='bbox 568 2378 611 2410; x_wconf 86' lang='lat' dir='ltr'><strong>ad</strong></span> <span class='ocrx_word' id='word_1_294' title='bbox 635 2387 731 2410; x_wconf 89' lang='lat' dir='ltr'><strong>suam</strong></span> <span class='ocrx_word' id='word_1_295' title='bbox 758 2377 999 2410; x_wconf 87' lang='lat' dir='ltr'><strong>defensionem</strong></span> <span class='ocrx_word' id='word_1_296' title='bbox 1025 2377 1198 2421; x_wconf 88' lang='lat' dir='ltr'><strong>protulit,</strong></span> <span class='ocrx_word' id='word_1_297' title='bbox 1213 2377 1255 2410; x_wconf 89' lang='lat' dir='ltr'><strong>de</strong></span> <span class='ocrx_word' id='word_1_298' title='bbox 1280 2377 1324 2410; x_wconf 87' lang='lat' dir='ltr'><strong>iis</strong></span> <span class='ocrx_word' id='word_1_299' title='bbox 1350 2387 1441 2421; x_wconf 89' lang='lat' dir='ltr'><strong>quae</strong></span> <span class='ocrx_word' id='word_1_300' title='bbox 1465 2377 1667 2421; x_wconf 80' lang='lat' dir='ltr'><strong>insequenti</strong></span> 
     </span>
     <span class='ocr_line' id='line_1_37' title="bbox 210 2422 1667 2468; baseline -0.001 -12"><span class='ocrx_word' id='word_1_301' title='bbox 210 2424 415 2457; x_wconf 80' lang='lat' dir='ltr'><strong>narratione</strong></span> <span class='ocrx_word' id='word_1_302' title='bbox 441 2422 616 2457; x_wconf 88' lang='lat' dir='ltr'><strong>relaturus</strong></span> <span class='ocrx_word' id='word_1_303' title='bbox 645 2429 760 2465; x_wconf 85' lang='lat' dir='ltr'><strong>esset,</strong></span> <span class='ocrx_word' id='word_1_304' title='bbox 787 2424 969 2467; x_wconf 77' lang='lat' dir='ltr'><strong>professus</strong></span> <span class='ocrx_word' id='word_1_305' title='bbox 996 2429 1069 2466; x_wconf 86' lang='lat' dir='ltr'><strong>est,</strong></span> <span class='ocrx_word' id='word_1_306' title='bbox 1105 2434 1144 2458; x_wconf 88' lang='lat' dir='ltr'><strong>se</strong></span> <span class='ocrx_word' id='word_1_307' title='bbox 1169 2434 1282 2468; x_wconf 88' lang='lat' dir='ltr'><strong>pauca</strong></span> <span class='ocrx_word' id='word_1_308' title='bbox 1307 2429 1440 2457; x_wconf 86' lang='lat' dir='ltr'><strong>tantum</strong></span> <span class='ocrx_word' id='word_1_309' title='bbox 1466 2434 1510 2456; x_wconf 88' lang='lat' dir='ltr'><strong>ex</strong></span> <span class='ocrx_word' id='word_1_310' title='bbox 1534 2424 1667 2468; x_wconf 88' lang='lat' dir='ltr'><strong>priori..</strong></span> 
     </span>
     <span class='ocr_line' id='line_1_38' title="bbox 210 2470 1667 2515; baseline 0 -12"><span class='ocrx_word' id='word_1_311' title='bbox 210 2470 275 2504; x_wconf 89' lang='lat' dir='ltr'><strong>bus</strong></span> <span class='ocrx_word' id='word_1_312' title='bbox 302 2475 528 2512; x_wconf 87' lang='lat' dir='ltr'><strong>recepturum</strong></span> <span class='ocrx_word' id='word_1_313' title='bbox 556 2480 635 2504; x_wconf 85' lang='lat' dir='ltr'><strong>esse</strong></span> <span class='ocrx_word' id='word_1_314' title='bbox 661 2476 849 2514; x_wconf 87' lang='lat' dir='ltr'><strong>propterea</strong></span> <span class='ocrx_word' id='word_1_315' title='bbox 876 2472 968 2515; x_wconf 90' lang='lat' dir='ltr'><strong>quod</strong></span> <span class='ocrx_word' id='word_1_316' title='bbox 993 2472 1160 2505; x_wconf 86' lang='lat' dir='ltr'><strong>maiorem</strong></span> <span class='ocrx_word' id='word_1_317' title='bbox 1187 2476 1322 2514; x_wconf 83' lang='lat' dir='ltr'><strong>partem</strong></span> <span class='ocrx_word' id='word_1_318' title='bbox 1347 2471 1415 2504; x_wconf 83' lang='lat' dir='ltr'><strong>iam</strong></span> <span class='ocrx_word' id='word_1_319' title='bbox 1431 2472 1667 2514; x_wconf 76' lang='lat' dir='ltr'><strong>exposuisset,</strong></span> 
     </span>
     <span class='ocr_line' id='line_1_39' title="bbox 211 2516 1666 2561; baseline -0.001 -10"><span class='ocrx_word' id='word_1_320' title='bbox 211 2517 339 2551; x_wconf 84' lang='lat' dir='ltr'><strong>deinde</strong></span> <span class='ocrx_word' id='word_1_321' title='bbox 367 2526 454 2550; x_wconf 89' lang='lat' dir='ltr'><strong>vero</strong></span> <span class='ocrx_word' id='word_1_322' title='bbox 479 2516 582 2558; x_wconf 87' lang='lat' dir='ltr'><strong>nihil,</strong></span> <span class='ocrx_word' id='word_1_323' title='bbox 619 2518 712 2561; x_wconf 87' lang='lat' dir='ltr'><strong>quod</strong></span> <span class='ocrx_word' id='word_1_324' title='bbox 747 2519 985 2554; x_wconf 77' lang='lat' dir='ltr'><strong>necessarium</strong></span> <span class='ocrx_word' id='word_1_325' title='bbox 1023 2523 1145 2559; x_wconf 85' lang='lat' dir='ltr'><strong>esset,</strong></span> <span class='ocrx_word' id='word_1_326' title='bbox 1179 2527 1218 2551; x_wconf 89' lang='lat' dir='ltr'><strong>se</strong></span> <span class='ocrx_word' id='word_1_327' title='bbox 1250 2518 1460 2551; x_wconf 90' lang='lat' dir='ltr'><strong>omissurum</strong></span> <span class='ocrx_word' id='word_1_328' title='bbox 1492 2519 1666 2560; x_wconf 84' lang='lat' dir='ltr'><strong>promisit.</strong></span> 
     </span>
     <span class='ocr_line' id='line_1_40' title="bbox 211 2563 1668 2608; baseline 0.001 -12"><span class='ocrx_word' id='word_1_329' title='bbox 211 2563 425 2596; x_wconf 88' lang='lat' dir='ltr'><strong>convenisse</strong></span> <span class='ocrx_word' id='word_1_330' title='bbox 456 2563 563 2607; x_wconf 84' lang='lat' dir='ltr'><strong>igitur</strong></span> <span class='ocrx_word' id='word_1_331' title='bbox 590 2574 628 2596; x_wconf 91' lang='lat' dir='ltr'><strong>se</strong></span> <span class='ocrx_word' id='word_1_332' title='bbox 665 2564 804 2598; x_wconf 85' lang='lat' dir='ltr'><strong>dicebat</strong></span> <span class='ocrx_word' id='word_1_333' title='bbox 829 2570 971 2607; x_wconf 87' lang='lat' dir='ltr'><strong>praeter</strong></span> <span class='ocrx_word' id='word_1_334' title='bbox 994 2563 1227 2608; x_wconf 86' lang='lat' dir='ltr'><strong>particulares</strong></span> <span class='ocrx_word' id='word_1_335' title='bbox 1257 2565 1444 2606; x_wconf 87' lang='lat' dir='ltr'><strong>episcopos</strong></span> <span class='ocrx_word' id='word_1_336' title='bbox 1464 2587 1474 2604; x_wconf 90' lang='lat'><strong>,</strong></span> <span class='ocrx_word' id='word_1_337' title='bbox 1509 2574 1596 2608; x_wconf 89' lang='lat' dir='ltr'><strong>quos</strong></span> <span class='ocrx_word' id='word_1_338' title='bbox 1631 2566 1668 2598; x_wconf 90' lang='lat' dir='ltr'><strong>in</strong></span> 
     </span>
     <span class='ocr_line' id='line_1_41' title="bbox 208 2609 1668 2655; baseline -0.001 -13"><span class='ocrx_word' id='word_1_339' title='bbox 208 2609 360 2653; x_wconf 81' lang='lat' dir='ltr'><strong>singulis</strong></span> <span class='ocrx_word' id='word_1_340' title='bbox 376 2609 465 2643; x_wconf 89' lang='lat' dir='ltr'><strong>vicis</strong></span> <span class='ocrx_word' id='word_1_341' title='bbox 494 2609 724 2655; x_wconf 89' lang='lat' dir='ltr'><strong>urbibusque</strong></span> <span class='ocrx_word' id='word_1_342' title='bbox 736 2611 951 2652; x_wconf 81' lang='lat' dir='ltr'><strong>offendisset,</strong></span> <span class='ocrx_word' id='word_1_343' title='bbox 977 2611 1293 2655; x_wconf 82' lang='lat' dir='ltr'><strong>praesert1m1psos</strong></span> <span class='ocrx_word' id='word_1_344' title='bbox 1323 2609 1554 2654; x_wconf 88' lang='lat' dir='ltr'><strong>patriarchas,</strong></span> <span class='ocrx_word' id='word_1_345' title='bbox 1578 2611 1668 2645; x_wconf 82' lang='lat' dir='ltr'><strong>Gre-</strong></span> 
     </span>
     <span class='ocr_line' id='line_1_42' title="bbox 213 2656 1666 2702; baseline 0.001 -13"><span class='ocrx_word' id='word_1_346' title='bbox 213 2657 364 2701; x_wconf 78' lang='lat' dir='ltr'><strong>gotium,</strong></span> <span class='ocrx_word' id='word_1_347' title='bbox 392 2656 623 2698; x_wconf 83' lang='lat' dir='ltr'><strong>patriarcham</strong></span> <span class='ocrx_word' id='word_1_348' title='bbox 648 2657 905 2700; x_wconf 84' lang='lat' dir='ltr'><strong>Alexandriae,</strong></span> <span class='ocrx_word' id='word_1_349' title='bbox 932 2659 1104 2702; x_wconf 85' lang='lat' dir='ltr'><strong>Ignatium</strong></span> <span class='ocrx_word' id='word_1_350' title='bbox 1129 2657 1365 2699; x_wconf 83' lang='lat' dir='ltr'><strong>Antiochiae,</strong></span> <span class='ocrx_word' id='word_1_351' title='bbox 1391 2658 1533 2690; x_wconf 83' lang='lat' dir='ltr'><strong>tertium</strong></span> <span class='ocrx_word' id='word_1_352' title='bbox 1562 2668 1666 2699; x_wconf 91' lang='lat' dir='ltr'><strong>eum,</strong></span> 
     </span>
     <span class='ocr_line' id='line_1_43' title="bbox 215 2701 1666 2749; baseline 0.001 -13"><span class='ocrx_word' id='word_1_353' title='bbox 215 2703 276 2747; x_wconf 91' lang='lat' dir='ltr'><strong>qui</strong></span> <span class='ocrx_word' id='word_1_354' title='bbox 300 2701 562 2746; x_wconf 78' lang='lat' dir='ltr'><strong>Hierosolymis</strong></span> <span class='ocrx_word' id='word_1_355' title='bbox 589 2704 861 2746; x_wconf 88' lang='lat' dir='ltr'><strong>patriarchicum</strong></span> <span class='ocrx_word' id='word_1_356' title='bbox 887 2704 1014 2739; x_wconf 90' lang='lat' dir='ltr'><strong>solium</strong></span> <span class='ocrx_word' id='word_1_357' title='bbox 1041 2705 1191 2738; x_wconf 88' lang='lat' dir='ltr'><strong>obtinuit</strong></span> <span class='ocrx_word' id='word_1_358' title='bbox 1215 2709 1296 2737; x_wconf 85' lang='lat' dir='ltr'><strong>ante</strong></span> <span class='ocrx_word' id='word_1_359' title='bbox 1310 2703 1493 2746; x_wconf 86' lang='lat' dir='ltr'><strong>Lazarum,</strong></span> <span class='ocrx_word' id='word_1_360' title='bbox 1523 2705 1583 2749; x_wconf 90' lang='lat' dir='ltr'><strong>qui</strong></span> <span class='ocrx_word' id='word_1_361' title='bbox 1599 2704 1666 2738; x_wconf 88' lang='lat' dir='ltr'><strong>hoc</strong></span> 
     </span>
     <span class='ocr_line' id='line_1_44' title="bbox 219 2749 1667 2796; baseline 0.001 -12"><span class='ocrx_word' id='word_1_362' title='bbox 219 2757 310 2784; x_wconf 84' lang='lat' dir='ltr'><strong>anno</strong></span> <span class='ocrx_word' id='word_1_363' title='bbox 337 2758 379 2782; x_wconf 86' lang='lat' dir='ltr'><strong>eo</strong></span> <span class='ocrx_word' id='word_1_364' title='bbox 408 2749 530 2791; x_wconf 79' lang='lat' dir='ltr'><strong>venit;</strong></span> <span class='ocrx_word' id='word_1_365' title='bbox 553 2760 681 2785; x_wconf 87' lang='lat' dir='ltr'><strong>nomen</strong></span> <span class='ocrx_word' id='word_1_366' title='bbox 699 2756 816 2787; x_wconf 81' lang='lat' dir='ltr'><strong>antem</strong></span> <span class='ocrx_word' id='word_1_367' title='bbox 827 2751 895 2785; x_wconf 85' lang='lat' dir='ltr'><strong>viri</strong></span> <span class='ocrx_word' id='word_1_368' title='bbox 920 2761 975 2786; x_wconf 82' lang='lat' dir='ltr'><strong>me</strong></span> <span class='ocrx_word' id='word_1_369' title='bbox 1001 2751 1102 2796; x_wconf 78' lang='lat' dir='ltr'><strong>sugit</strong></span> <span class='ocrx_word' id='word_1_370' title='bbox 1129 2751 1340 2786; x_wconf 87' lang='lat' dir='ltr'><strong>convenisse</strong></span> <span class='ocrx_word' id='word_1_371' title='bbox 1365 2762 1404 2786; x_wconf 90' lang='lat' dir='ltr'><strong>se</strong></span> <span class='ocrx_word' id='word_1_372' title='bbox 1429 2751 1536 2796; x_wconf 74' lang='lat' dir='ltr'><strong>igitur</strong></span> <span class='ocrx_word' id='word_1_373' title='bbox 1560 2750 1667 2786; x_wconf 86' lang='lat' dir='ltr'><strong>alium</strong></span> 
     </span>
    </p>
   </div>
   <div class='ocr_carea' id='block_1_6' title="bbox 1685 572 1706 606">
    <p class='ocr_par' dir='ltr' id='par_1_7' title="bbox 1685 572 1706 606">
     <span class='ocr_line' id='line_1_45' title="bbox 1685 572 1706 606; baseline 0 0"><span class='ocrx_word' id='word_1_374' title='bbox 1685 572 1706 606; x_wconf 87' lang='lat'>5</span> 
     </span>
    </p>
   </div>
   <div class='ocr_carea' id='block_1_7' title="bbox 1685 904 1730 939">
    <p class='ocr_par' dir='ltr' id='par_1_8' title="bbox 1685 904 1730 939">
     <span class='ocr_line' id='line_1_46' title="bbox 1685 904 1730 939; baseline 0.044 -2"><span class='ocrx_word' id='word_1_375' title='bbox 1685 904 1730 939; x_wconf 84' lang='lat'><strong>10</strong></span> 
     </span>
    </p>
   </div>
   <div class='ocr_carea' id='block_1_8' title="bbox 1687 1232 1787 1270">
    <p class='ocr_par' dir='ltr' id='par_1_9' title="bbox 1687 1232 1787 1270">
     <span class='ocr_line' id='line_1_47' title="bbox 1687 1232 1787 1270; baseline 0.04 -4"><span class='ocrx_word' id='word_1_376' title='bbox 1687 1232 1787 1270; x_wconf 17' lang='lat'><strong>15,</strong></span> 
     </span>
    </p>
   </div>
   <div class='ocr_carea' id='block_1_9' title="bbox 1683 1566 1787 1611">
    <p class='ocr_par' dir='ltr' id='par_1_10' title="bbox 1683 1566 1787 1611">
     <span class='ocr_line' id='line_1_48' title="bbox 1683 1566 1787 1611; baseline 0 -10"><span class='ocrx_word' id='word_1_377' title='bbox 1683 1566 1730 1601; x_wconf 61' lang='grc' dir='ltr'><strong><em>ιο</em></strong></span> <span class='ocrx_word' id='word_1_378' title='bbox 1780 1569 1787 1611; x_wconf 75' lang='lat' dir='ltr'><em>j</em></span> 
     </span>
    </p>
   </div>
   <div class='ocr_carea' id='block_1_10' title="bbox 1639 0 1800 2137">
    <p class='ocr_par' dir='ltr' id='par_1_11' title="bbox 1639 0 1800 2137">
     <span class='ocr_line' id='line_1_49' title="bbox 1639 0 1800 2137; baseline 0 -1865"><span class='ocrx_word' id='word_1_379' title='bbox 1639 0 1800 2137; x_wconf 95' lang='lat' dir='ltr'><strong>    </strong></span> 
     </span>
    </p>
   </div>
   <div class='ocr_carea' id='block_1_11' title="bbox 1764 2800 1800 3132">
    <p class='ocr_par' dir='ltr' id='par_1_12' title="bbox 1764 2800 1800 3132">
     <span class='ocr_line' id='line_1_50' title="bbox 1764 2800 1800 3132; textangle 90"><span class='ocrx_word' id='word_1_380' title='bbox 1772 2918 1800 3132; x_wconf 48' lang='lat' dir='ltr'><strong>wax*</strong></span> <span class='ocrx_word' id='word_1_381' title='bbox 1796 2893 1800 2905; x_wconf 90' lang='lat'><strong>-</strong></span> <span class='ocrx_word' id='word_1_382' title='bbox 1764 2827 1800 2881; x_wconf 47' lang='lat' dir='ltr'><strong>:aff-s*</strong></span> <span class='ocrx_word' id='word_1_383' title='bbox 1782 2800 1790 2809; x_wconf 39' lang='grc' dir='ltr'>ψ</span> 
     </span>
    </p>
   </div>
  </div>
 </body>
</html>
