1852 3138
327 171 425 220 380
724 176 1016 220 NICEPHORI
1062 176 1288 219 GREGOR
1295 174 1366 218 ΑΕ

329 284 404 325 τοῦ
431 283 631 339 σύνεγγυς
661 285 978 338 ἀνατρέποντος.
1039 283 1260 338 ἀνάγνωθί
1285 298 1378 337 σου,
1406 284 1547 341 φησίν,
1574 281 1650 340 τὴν
1679 282 1782 338 ὃμο-

325 353 492 406 aorem,
522 349 716 405 αἱρετικὲ.
774 346 842 392 ὅτε
870 352 1108 405 προσῆλθες
1135 352 1446 406 βαπτισθῆναι,
1476 351 1520 393 τί
1545 345 1683 404 εἶπες-ς
1713 350 1786 394 καί

327 416 397 459 ὲπί
424 419 502 470 μὲν
529 419 610 459 τῶν
642 421 828 472 φρικτῶν
859 418 1026 459 ἐκείνων
1065 420 1309 473 μυστηρίων
1347 417 1423 473 τήν
1454 420 1595 474 πίστιν
1624 419 1782 474 προσή-

325 500 470 539 γαγες,
513 486 589 526 νῦν
616 485 662 526 δὲ
706 486 781 526 τοῦ
822 487 925 526 θεοῦ
953 489 1330 539 ἷπολυπραγμονεῖς
1368 485 1446 540 τὴν
1475 480 1647 538 otiosum,-
1695 486 1783 527 ἀλλ’

264 602 268 605 η
327 547 406 604 ὅρα
433 552 474 592 τί
514 547 640 591 πάλιν
685 549 706 591 ὅ
737 549 894 604 ἐχθρός
938 552 1144 605 οἴντιλέγει
1188 554 1260 605 τῆς
1306 551 1526 608 ἀληθείας·
1599 551 1656 607 μὴ
1700 550 1816 606 γάρό

332 614 490 671 α’ργούς
520 615 616 670 ἡμῖν
647 616 668 658 ὁ
698 615 797 666 θεὸς
829 619 982 660 δέδωκε
1009 617 1255 672 λογισμούς-,-
1297 616 1355 673 μὴ
1385 619 1465 672 γὰρ
1497 618 1640 667 ἅπλῶς
1668 618 1783 672 εἰλήὲ

327 697 468 738 φαμεν
500 683 574 724 τοῦ
603 685 676 725 νοῦ
704 682 750 725 τὸ
783 682 1020 739 κριτήριον,·
1064 686 1135 725 δεῖ
1157 686 1228 726 καί
1263 690 1477 738 λογισμοῖς
1496 686 1679 740 ,ἐρευνᾶν
1707 683 1782 739 τὴν

326 750 476 803 πίστιν,
508 767 576 792 και
604 751 662 805 μὴ
691 750 960 801 ἀνεξέταστον
976 748 1083 794 εἶναι
1113 750 1186 806 τήν
1217 752 1449 805 ευ’σέβειαν.
1491 749 1600 793 α’λλᾶ
1619 750 1781 833 χρεώνι,

152 832 178 868 f
197 835 314 872 1573„
327 817 483 872 φησίν,
525 818 655 872 ἐχθρὲ
702 818 776 872 τῆς
805 817 1038 872 ἀληθείας,
1082 821 1153 873 τῆς
1195 816 1422 868 ἐξετάσεως
1459 814 1556 872 ὅρον
1594 813 1702 860 εἶναι
1730 834 1778 859 τα

325 887 421 925 θεῖα
453 883 573 938 λόγια
604 901 671 927 και
692 885 788 934 τούς
820 891 919 939 παρ’
948 886 1080 927 αυτοῦ
1109 887 1307 934 δοθέντας
1335 885 1434 940 ἡμῖν
1465 886 1538 940 τῆς
1565 884 1816 942 ευσεβειάςί

275 950 510 1004 ῃκανόνας.
578 950 630 994 σύ
663 953 703 993 δ’
731 950 995 1005 ὑπερβαίνων
1031 950 1158 1009 βιάζῃ
1200 950 1276 1006 τὴν
1316 952 1534 1007 ἀλήθειαν.
1608 966 1676 992 και
1703 946 1782 1004 δρα

325 1016 449 1060 πάλιν
495 1021 607 1068 τίνας
650 1017 670 1059 ὅ
702 1016 910 1074 αἱρετικός
952 1018 1160 1075 ὑποφέρει
1182 1018 1345 1072 λόγους.
1417 1018 1496 1073 οὐχ
1526 1018 1784 1074 εὖρίσκομεν,

334 1088 489 1142 φησίν,
537 1085 611 1141 τήν
641 1087 777 1128 πίστιν
818 1088 994 1141 α’σφαλῆ
1035 1085 1238 1142 πανταχῇ.
1313 1083 1561 1140 εὑρίσκομεν
1588 1082 1680 1145 γάρ
1711 1083 1784 1127 τόν

324 1151 463 1206 Ἀδὰμ
489 1152 570 1194 α’πὸ
604 1155 673 1207 τῆς
701 1154 876 1201 πίστεως
896 1151 1088 1196 πεσόντα.
1149 1149 1228 1205 ὅρα
1262 1153 1307 1194 δὲ
1334 1169 1401 1194 και
1432 1153 1505 1194 τοῦ
1525 1151 1785 1208 Χρυσορρί-

324 1235 448 1274 μονος
476 1216 549 1275 τὴν
582 1215 901 1274 α’νθυποφοράν.
960 1220 1111 1271 βλέπέ,
1143 1222 1268 1275 φησί,
1317 1216 1448 1260 πάλιν
1479 1220 1556 1260 τοῦ
1599 1221 1815 1274 πονηροῦι

327 1288 523 1339 δαίμονος
560 1283 610 1327 τά
657 1284 825 1341 ῥήματα
867 1287 941 1327 τοῦ
971 1286 1106 1327 πάντα
1145 1286 1399 1338 τολμῶντος..
1434 1286 1522 1326 ἀλλ’
1552 1286 1633 1338 οὐχ
1662 1284 1684 1326 ὃ
1713 1303 1784 1327 πι-

330 1352 493 1396 στεύων
526 1354 582 1409 τῷ
607 1351 773 1406 τυχόντι
802 1352 962 1403 πιστός,
994 1351 1086 1393 ἀλλ’
1113 1351 1131 1393 ὃ
1163 1354 1248 1409 θεῷ
1278 1351 1486 1394 πιστεύων
1513 1352 1695 1406 α’ληθῶς.
1725 1350 1782 1406 μὴ

333 1418 412 1475 γὰρ
444 1418 603 1470 ἔδειξας
634 1415 698 1461 ὅτι
727 1419 814 1476 θεῷ
840 1419 1067 1467 πιστεύσας
1099 1416 1314 1471 α’πώλετος
1348 1415 1531 1474 διαβόλῳ
1555 1417 1786 1468 πιστεύσας

329 1483 541 1538 ἀπώλετο,
581 1487 667 1543 θεῷ
708 1480 942 1539 ἀπιστήσας
994 1485 1222 1540 &mir-9170&
1293 1483 1453 1534 τούτοις
1501 1487 1580 1537 μὲν
1622 1482 1671 1539 δὴ
1712 1480 1787 1526 οὖν

327 1559 413 1602 τοῖς
443 1551 604 1608 ῥήμασι
647 1551 717 1594 τὸν
765 1550 977 1606 αἱρετικὸν
1023 1551 1267 1605 ἐπεστόμισε
1307 1550 1427 1594 τότε·
1501 1550 1558 1606 μή
1592 1552 1719 1604 μόνον
1749 1553 1786 1593 δ’

327 1615 432 1674 οὖν,
463 1617 569 1661 α’λλά
608 1617 680 1660 καί
718 1614 809 1660 ὅσοι
852 1621 1012 1662 ἐκεῖθεν
1053 1617 1095 1668 ἐς
1131 1618 1226 1661 τόδε
1250 1617 1382 1660 ταῦτα
1431 1623 1518 1667 τοῖς
1559 1616 1785 1674 αἱρετικοῖς

328 1687 501 1735 ἐκείνοις
532 1688 819 1742 προφέρουσιν
850 1685 1007 1739 ἕτεροι,
1033 1691 1119 1734 τοῖς
1149 1686 1289 1734 αὐτοῖς
1324 1687 1398 1726 τοῦ
1427 1685 1784 1741 Χρυσορρήμονος

323 1746 505 1801 ἅπαντες
530 1754 671 1805 βέλεσι
701 1750 959 1806 πλήττονται.

1797 1556 1819 1590 ὶῦ

420 1843 452 1876 1.
472 1844 548 1900 uwis·
571 1843 854 1891 Χρυσοστὸμου
889 1844 927 1879 ἐκ
956 1843 1023 1878 τοῦ
1063 1845 1116 1883 εἰς
1150 1840 1192 1878 τό
1222 1839 1336 1890 ῥητὸν
1364 1840 1406 1879 τὸ
1441 1843 1482 1880 ἐν
1518 1845 1610 1890 ποίᾳ
1635 1843 1784 1889 ἐξουσίᾳ

416 1902 535 1927 ταυτα
553 1895 686 1930 ποιεῖς.

333 1966 422 2010 quit,
450 1964 712 1998 confessionem
738 1970 831 1999 tuam
865 1965 1059 2000 haeretice.
1110 1969 1214 2010 qu‘um
1247 1965 1289 1999 ad
1325 1965 1566 2009 baptisterium
1601 1965 1783 1999 accessisti

334 2012 417 2057 quid
443 2012 629 2046 coufessus
659 2011 728 2046 es?
753 2013 937 2047 horrendis
966 2013 1039 2047 illis
1053 2013 1231 2057 mysteriis
1250 2013 1351 2047 fidem
1365 2011 1549 2046 habuisti?
1575 2022 1669 2045 nune
1695 2022 1782 2046 vero

334 2060 393 2094 dei
421 2059 607 2093 essentiam
634 2065 851 2093 scrutaturus
889 2060 958 2094 es?
1017 2060 1078 2094 sed
1117 2060 1197 2093 vide
1235 2070 1325 2104 quae
1363 2060 1522 2093 veritatis
1559 2059 1782 2092 adversarius

330 2112 453 2140 contra
480 2107 585 2140 dicat.
637 2107 748 2162 qnid’.
782 2108 920 2152 inquit,
958 2118 1077 2141 nonne
1103 2117 1217 2141 acrem
1243 2106 1344 2140 nobis
1371 2112 1522 2140 mentem
1549 2106 1644 2139 dedit
1669 2106 1783 2140 deus?

330 2164 450 2188 nonne
476 2163 602 2187 revera
627 2155 827 2202 accepimus
864 2155 1010 2188 rationis
1047 2153 1256 2194 criterium?
1297 2164 1381 2198 ergo
1421 2159 1539 2187 mente
1575 2163 1640 2187 nos
1681 2153 1782 2186 fidem

326 2206 589 2245 perscrutemur
624 2207 766 2244 oportet
798 2212 915 2246 neque
949 2203 1061 2245 pietas
1104 2200 1324 2244 inexplmata
1368 2211 1447 2235 esse
1482 2200 1598 2233 debet.
1661 2205 1783 2233 contra

329 2248 417 2282 ille:
451 2253 593 2291 oportet
626 2253 741 2281 autem
769 2250 929 2282 veritatis
959 2249 1184 2290 adversarie,
1214 2249 1422 2282 scrutationi
1447 2253 1589 2281 nostrae
1614 2248 1781 2281 terminos

329 2295 571 2340 praescribant
596 2295 714 2328 divina
741 2294 930 2340 praecepta
958 2302 992 2329 et
1017 2307 1037 2329 a
1062 2296 1127 2328 deo
1155 2295 1254 2328 datae
1282 2294 1385 2329 nobis
1414 2296 1556 2339 pietatis
1581 2294 1695 2339 leges.
1745 2299 1782 2327 tu

335 2343 422 2376 vero‘
449 2341 679 2375 transiliendo
708 2344 744 2376 in
779 2344 963 2377 veritatem
996 2353 1136 2386 peccas.
1198 2341 1259 2376 sed
1297 2342 1378 2375 vide
1405 2353 1494 2387 quae
1518 2341 1588 2375 alia
1625 2341 1782 2385 proferat

327 2389 550 2423 haereticus·
584 2399 654 2422 uon
683 2391 903 2432 invenimus,
928 2391 1054 2434 inquit,
1081 2390 1182 2423 fidem
1208 2393 1314 2421 tutam
1340 2389 1484 2434 ubique.
1533 2390 1664 2422 scimus
1690 2388 1780 2421 enim

329 2438 441 2472 Adam
469 2437 571 2469 etiam
598 2436 664 2469 fide
691 2436 853 2480 lapsum?
902 2438 963 2471 sed
991 2437 1072 2470 vide
1087 2437 1189 2469 etiam
1210 2445 1298 2479 quae
1313 2435 1586 2479 chrysostomus
1613 2435 1696 2469 huie
1720 2445 1782 2467 re-

328 2484 522 2528 spondeat.
551 2484 765 2539 ‘considera‚
793 2485 919 2529 inquit,
948 2494 1068 2517 rursus
1094 2482 1236 2526 maligni
1255 2482 1434 2518 daemonis
1454 2484 1546 2516 dicta
1574 2483 1688 2516 omnia
1714 2491 1781 2525 pc-

330 2530 532 2565 riclitantis.
584 2540 655 2563 non
684 2533 744 2574 qui
771 2532 932 2565 fortunae
960 2530 1103 2564 confidit
1129 2528 1242 2563 fidelis
1270 2534 1324 2562 est
1356 2531 1417 2564 sed
1460 2531 1519 2575 qui
1544 2531 1610 2564 deo
1637 2529 1782 2563 confidit

327 2579 362 2612 in
395 2578 559 2611 .eritate.
613 2588 656 2610 an
680 2579 929 2612 demonstrasti
962 2578 1061 2611 illum
1096 2577 1162 2610 deo
1196 2577 1383 2610 confidisse
1421 2583 1455 2611 et
1488 2578 1539 2611 sic
1569 2575 1782 2611 interiisse?

333 2623 475 2658 diabolo
504 2625 650 2657 confidit
684 2630 718 2658 et
742 2626 793 2659 sic
825 2626 979 2667 interiit3
1017 2625 1083 2658 deo
1116 2633 1187 2657 non
1214 2623 1358 2657 confidit
1385 2630 1420 2658 et
1444 2624 1564 2668 lapsus
1591 2623 1668 2659 est..
1719 2624 1780 2657 His

332 2673 442 2717 igitur
467 2671 586 2704 verbis
614 2671 795 2705 haeretico
822 2673 885 2705 ille
916 2682 955 2705 os
987 2671 1175 2705 obturavit.
1232 2671 1292 2703 sed
1319 2681 1390 2704 non
1415 2671 1527 2705 solum
1554 2671 1634 2713 hic,
1661 2680 1782 2704 verum

337 2720 443 2751 etiam
470 2719 580 2750 ceteri
602 2724 775 2762 quotquot
801 2720 842 2752 ad
870 2719 962 2752 hunc
988 2719 1077 2752 diem
1106 2718 1224 2750 eadem
1250 2727 1339 2761 quae
1359 2719 1528 2752 haeretici
1553 2719 1611 2752 isti
1638 2717 1783 2757 faciunt,

332 2775 454 2799 omncs
482 2764 724 2808 Chrysostomi
760 2767 882 2801 iisdem
911 2768 1015 2801 armis
1041 2769 1319 2809 prosternuntur.
