1786 3138
240 146 343 211 486.
427 206 430 209 .
658 158 961 209 ,ΝιοΕΡΗοιυ
1003 156 1308 204 annaeum

241 267 299 322 σῇ
326 265 523 322 θεότητος
549 261 702 323 μικρὸν
731 262 1144 322 παρανοιχθείσηςῆ
1174 267 1562 324 παραδειχθείσης,
1592 284 1700 324 προς

245 331 428 382 ἀτόπους
459 334 621 382 ἑννοίας
649 333 723 374 καί
745 325 869 386 μα’λοι
891 333 944 388 τῇ
975 331 1168 391 εὐσεβείᾳ
1202 332 1448 391 οἷπᾳδούσας
1476 335 1697 391 ἐξενεχθή-

241 414 379 451 σεται,
417 401 599 455 μηδαμῇ
631 399 740 455 μηδὲ
783 400 844 455 τῷ
868 399 942 454 τῆς
972 398 1203 454 ἐπιστήμης
1244 400 1355 455 φωτὶ
1397 399 1699 456 ἁρμοττούσας.

152 477 225 511 28
242 463 347 509 ὥστε
375 467 448 508 καί
476 466 647 524 σφόδρα
678 466 918 520 θαυμάζειν
964 465 1060 519 ἐμοὶ
1089 466 1306 521 περίεστι,
1349 469 1439 518 πῶς
1468 467 1541 511 καί
1568 467 1700 510 πόθεν

242 530 266 574 ὅ
295 534 516 586 Παλαμᾶς
545 533 604 582 εἰς
631 531 826 582 τοιαύτας
852 529 979 581 εὐθὺς
1004 531 1289 574 ἐκτετόπισται
1315 535 1606 590 βλασφημίας.
1650 531 1732 578 οὖ5

238 597 319 654 γὰρ
366 598 456 651 ἔχει
500 598 634 654 λέγειν
680 596 736 648 ὥς
775 596 1088 654 παραστατικὸν
1126 595 1217 640 οὔτε
1258 598 1306 642 τὸ
1353 601 1700 656 παραδειχθῆναι

239 661 332 706 οὔτε
356 664 400 707 τὸ
430 666 594 744 μικρῶς
624 681 713 714 πως
763 664 980 720 ἀνοιγῆναι
1022 664 1200 721 θεότητα
1241 667 1316 708 τοῦ
1355 663 1550 723 θεότητος
1588 671 1699 710 νοεῖν
1730 671 1733 673 ’

238 733 370 774 ἐκεῖνο
398 730 510 781 τέως
529 733 783 787 γεγενῆσθαι
805 729 850 772 τὸ
883 732 986 787 φῶς.
1016 731 1239 787 λειπούσης
1260 749 1339 787 μεν
1368 731 1449 789 γὰρ
1477 734 1551 788 τῆς
1579 750 1699 790 παρα

238 796 486 854 προθέσεως
529 797 603 839 καί
649 799 723 840 τοῦ
757 796 946 854 “μικρώ’ς
993 800 1083 848 πῶς
1126 797 1281 849 ἐδειξε”
1310 799 1384 842 καὶ
1419 800 1492 841 τοῦ
1517 797 1698 855 “μικρὸν
1749 804 1758 813 “

238 864 485 919 παρήνοιξε’
514 865 588 906 καί
614 866 697 907 τῶν
726 863 911 918 ὅμοιων,
955 860 1067 917 εἶχεν
1110 861 1159 908 οίν
1190 882 1280 915 πως
1311 865 1445 933 αὐτός
1471 881 1516 908 τε
1549 883 1621 910 και
1650 866 1760 910 tom

237 932 319 972 τῶν
351 932 638 985 εἰκονομάχων
677 933 857 987 σμῆνος,
896 932 933 973 εἰ
966 948 1036 973 και
1065 930 1125 986 μὴ
1160 909 1354 984 δικαίως,
1387 932 1477 975 ἀλλ’
1511 929 1584 976 ουν
1609 929 1698 1003 εἶχέ

237 1012 330 1038 τινα
362 998 581 1054 πρόφασιν
621 997 724 1048 ἴσως
766 1000 839 1053 τῆς
868 999 1062 1054 τοιαύτης
1105 998 1241 1041 αυτῶν
1272 998 1496 1056 αἱρέσεως·
1554 999 1629 1043 νῦν
1659 1002 1696 1043 δ’

241 1062 418 1117 οὐδεμία
457 1063 495 1106 οἱ
535 1065 723 1108 λείπεται
752 1066 982 1122 πρόφασις.
1039 1065 1112 1107 καί
1150 1065 1231 1122 γὰρ
1259 1068 1314 1123 τῇ
1344 1067 1597 1126 διδασκαλίᾳ
1626 1068 1700 1122 τῆς

238 1131 320 1170 τῶν
347 1131 498 1182 λέξεων
540 1132 769 1187 ἐπιστήμης
809 1132 846 1174 οἱ
888 1134 999 1173 θεῖοι
1026 1134 1099 1187 τῆς
1135 1134 1357 1190 ἐκκλησίας
1387 1133 1566 1190 πατέρες
1594 1128 1695 1176 ἑπό-

63 1205 90 1243 f.
107 1205 175 1243 247
191 1218 222 1242 a.
237 1213 380 1251 μενοι,
429 1199 662 1254 θεραπείας
686 1199 882 1248 τοιαύτας
909 1204 996 1248 τοῖς
1027 1197 1132 1241 οὕτω
1165 1198 1320 1255 τόλμης
1349 1199 1500 1253 ἔχουσι
1530 1201 1698 1256 διανοήᾴ
1713 1204 1756 1240 15

147 1277 223 1311 24
236 1281 369 1320 μασιν
400 1265 526 1307 αὐτοί
544 1280 589 1309 τε
621 1265 880 1321 ἐπιφέρουσι
909 1267 982 1308 καί
1011 1264 1125 1322 ἡμᾶς
1152 1269 1423 1322 παραινοῦσι.
1482 1267 1592 1324 φασί
1617 1266 1698 1324 γὰρ

235 1332 309 1375 καί
339 1331 376 1374 οἱ
414 1334 487 1388 τῆς
526 1331 720 1381 Ἑλλάδος
754 1334 911 1388 σοφίας
940 1333 1013 1375 καί
1043 1333 1274 1389 ἐπιστήμης
1313 1335 1540 1390 ἐφευρεταί
1577 1335 1631 1376 τά
1655 1349 1700 1377 τε

238 1397 344 1442 ἄλλα
370 1400 443 1442 καί
487 1399 723 1455 θεραπείαν
763 1395 871 1440 εἶναι
911 1402 994 1442 τῶν
1035 1400 1232 1442 τοιούτων
1268 1403 1478 1456 βραχεῖαν
1505 1401 1699 1457 προσθή-

235 1483 335 1522 κην·
393 1464 438 1508 τὸ
461 1466 542 1522 γὰρ
575 1461 662 1526 οἷον
702 1467 775 1508 καί
805 1466 1040 1520 μονονουχί
1064 1466 1137 1508 καί
1175 1465 1279 1516 ἴσως
1307 1467 1380 1509 καί
1406 1466 1452 1510 τὸ
1479 1469 1562 1510 τῶν
1591 1483 1697 1524 προ-

236 1533 399 1576 θέσεων
430 1533 671 1589 πολύσημον
715 1534 788 1576 καὶ
830 1534 1037 1590 διάφορον
1074 1538 1160 1583 τοῖς
1202 1533 1340 1590 λόγοις
1371 1533 1757 1591 προσλαμβανό-αο

234 1617 360 1656 μενον
387 1604 573 1656 βραχεῖα
601 1601 679 1654 μέν
706 1602 795 1643 ἐστι
823 1601 1047 1657 προσθήκη
1077 1605 1163 1650 τοϊς
1201 1600 1351 1658 λόγοις,
1383 1599 1490 1643 ἀλλὰ
1519 1600 1628 1643 πάνυ
1658 1617 1699 1643 τι

238 1669 410 1724 σφόδρα
455 1666 500 1710 τὸ
545 1670 619 1722 τῆς
658 1669 820 1718 ἐννοίας
861 1668 1091 1711 ἀκόλαστον
1129 1668 1202 1710 καί
1232 1672 1488 1725 φλεγμαῖνον
1517 1672 1697 1717 λεαίνει,

236 1736 432 1791 καθάπερ
461 1734 512 1776 τὰ
534 1735 640 1792 πρὸς
668 1737 750 1777 τῶν
777 1735 1102 1791 Ἀσκληπιαδῶν
1130 1741 1216 1786 τοῖς
1232 1737 1429 1778 νοσοῦσιν
1458 1735 1697 1792 ἐπαγόμενα

239 1802 468 1858 φάρμακα·
544 1802 617 1845 καί
643 1803 799 1857 μεσταὶ
839 1804 917 1857 μὲν
946 1801 1060 1859 ἱεραὶ
1088 1804 1169 1846 τοῖν
1209 1803 1408 1845 τοιούτων
1434 1804 1589 1858 βίβλοι,
1617 1818 1695 1858 με-

236 1995 277 2028 ad
304 1994 498 2028 sententias
522 1994 660 2038 ineptas
688 2000 723 2028 et
749 2005 769 2028 a
796 1994 975 2040 religione
1001 1992 1237 2027 alienissimas
1261 1993 1488 2037 perducetur,
1516 1998 1552 2028 et
1566 1993 1609 2027 ab
1636 1994 1696 2028 in..

237 2041 462 2086 telligentiae
491 2041 622 2076 lumine
648 2042 896 2083 abhorrentes,
922 2042 970 2075 ita
995 2047 1032 2074 ut
1061 2041 1292 2075 vehementer
1317 2040 1402 2074 mibi
1427 2041 1546 2074 mirari
1575 2041 1695 2083 liceat,

239 2099 309 2133 quo
335 2089 473 2122 tandem
500 2090 602 2122 modo
628 2089 786 2123 Palamas
812 2090 926 2123 statim
954 2089 995 2122 ad
1007 2088 1097 2122 tales
1122 2088 1358 2132 blasphemias
1371 2089 1590 2131 pervenerit.
1623 2099 1695 2122 non

240 2137 330 2169 enim
357 2137 426 2170 dici
452 2142 614 2181 tanquam
642 2142 775 2170 certum
801 2142 931 2181 potest,
960 2147 1026 2170 nec
1053 2136 1146 2180 quod
1174 2136 1215 2169 ad
1242 2135 1495 2169 subindicatam
1520 2145 1588 2168 nec
1602 2136 1695 2180 quod

237 2183 280 2216 ad
314 2183 536 2227 subapertam
577 2185 741 2217 deitatem
767 2185 940 2228 pertinet,
978 2184 1118 2217 deitatis
1156 2182 1419 2227 intelligentiae
1447 2181 1562 2215 lucem
1596 2182 1695 2216 illam

239 2231 365 2267 factam
400 2241 490 2264 esse.
518 2231 644 2265 relicta
672 2232 761 2264 enim
790 2232 1055 2275 praepositione
1085 2229 1202 2263 “sub”
1231 2235 1266 2264 et
1290 2229 1427 2263 relictis
1462 2229 1695 2264 “subindica-

239 2279 292 2312 vit
321 2283 356 2311 et
384 2278 613 2321 subaperuiw
644 2284 678 2312 at
707 2289 797 2322 quae
823 2284 903 2311 sunt
929 2279 1080 2320 similia,
1109 2277 1256 2311 haberet
1284 2282 1318 2310 et
1342 2276 1419 2319 ipse
1447 2281 1481 2309 et
1508 2277 1695 2310 iconoma-

242 2325 386 2358 chorum
417 2325 564 2367 turbam,
593 2327 658 2359 etsi
683 2335 754 2359 non
769 2327 906 2367 iustam,
933 2331 1049 2359 tamen
1078 2325 1224 2358 haberet
1240 2334 1377 2357 causam
1396 2323 1594 2357 huiusmodi
1607 2324 1694 2358 hae-

240 2381 379 2405 reseos.
429 2383 523 2406 nunc
550 2383 635 2406 vero
662 2373 762 2406 nulla
791 2378 954 2416 superest
980 2382 1110 2413 causa3
1147 2371 1363 2405 locutionum
1399 2371 1489 2404 enim
1522 2372 1694 2404 rationem

223 2421 355 2454 ,secuti
381 2420 492 2453 divini
521 2420 699 2454 ecclesiae
727 2426 843 2463 patres
864 2420 905 2453 ad
934 2420 1105 2453 eiusmodi
1132 2418 1374 2453 venerationis
1400 2417 1693 2453 insolentissimus

240 2468 434 2500 sententias
464 2472 499 2499 et
524 2469 591 2511 ipsi
621 2467 794 2501 inclinant
820 2473 854 2501 et
879 2477 944 2500 nos
970 2467 1212 2501 adhortantur.
1262 2476 1338 2499 nam
1356 2466 1525 2499 Graeciae
1549 2466 1694 2509 sapien-
1748 2501 1750 2508 y

237 2514 309 2546 tiae
337 2519 371 2547 et
396 2514 568 2547 scientiae
592 2515 798 2549 inventores
827 2520 967 2558 praeter
993 2514 1063 2548 alia
1090 2515 1191 2547 etiam
1218 2512 1363 2547 brevem
1385 2512 1555 2550 eiusmodi
1577 2522 1694 2546 ‘voca-
1752 2527 1754 2530 v
1783 2526 1785 2528 ·

238 2560 400 2594 bulorum
442 2562 710 2595 venerationem
747 2573 852 2605 esse,
890 2572 924 2595 v.
958 2572 993 2606 g.
1030 2561 1117 2595 illud
1156 2560 1286 2594 “fere'’
1328 2565 1388 2593 aut
1420 2559 1626 2594 “fortasse’'
1661 2565 1696 2593 et

239 2618 471 2652 quaecunque
497 2609 709 2642 adiectionis
726 2610 847 2643 variae
865 2614 900 2642 et
921 2609 1083 2643 diversae
1099 2607 1319 2642 sermonibus
1334 2607 1558 2640 adhibentur.
1608 2606 1694 2640 bre-

236 2663 300 2687 ves
326 2655 464 2698 quidem
492 2657 712 2689 adiectiones
743 2657 913 2689 orationis
938 2662 1039 2698 sunt,
1068 2656 1132 2690 sed
1158 2656 1359 2700 graviorem
1377 2660 1411 2688 et
1426 2654 1693 2687 insolentiorem

236 2703 444 2735 sententiam
470 2703 572 2736 valde
594 2704 767 2747 mitigant,
783 2703 1132 2747 quemadmodum'ab
1146 2702 1367 2746 Asclepiadis
1390 2702 1508 2745 aegris
1522 2701 1696 2734 adhiben-
1762 2706 1786 2741 ,ᾗ

237 2753 293 2783 tur
321 2749 529 2786 medicinae.
583 2755 617 2783 et
642 2749 739 2794 pleni
768 2751 941 2785 eiusmodi
967 2750 1223 2787 vocabulorum
1248 2751 1340 2785 sacri
1367 2749 1478 2791 libri,
1503 2748 1601 2792 pleni
1626 2748 1696 2783 At-
