1826 3120
163 147 260 197 268
557 154 851 199 Nicnpnom
895 150 1200 212 ennecus

160 262 401 319 βουλομένῳ
432 263 490 320 τῷ
513 262 711 318 θειοτάτῳ
738 265 911 315 βασιλεῖ
934 262 1131 315 λέγεσθαι
1159 260 1310 316 ἑφεξῆς
1335 255 1471 315 ἤρετο.
1502 259 1574 302 καί
1599 253 1621 300 ὅ

160 326 360 381 βασιλεῦς
386 325 508 381 “euni
529 330 566 370 δ’
594 330 633 370 εἰ
647 328 719 370 καί
737 327 840 381 πρὸς
869 323 996 376 ἄλλας
1017 322 1156 381 ἅγειν”
1174 325 1255 383 ἔφη
1278 324 1378 369 “cdv
1394 328 1491 369 νοῦν
1512 325 1622 368 ὅπο-

161 397 303 444 θέσεις
324 395 432 450 ἒνῆν,
457 395 548 436 ἀλλ’
565 391 639 436 οὖν
656 395 767 447 ὑμᾶς
795 392 943 448 δρῶντι
965 383 1300 449 συνεληλυθότας
1327 395 1401 435 νῦν
1428 395 1629 437 ἐνταυθοῖ
1645 430 1655 438 ,

161 461 430 516 καιριώτερον
457 457 562 503 εἶναι
596 463 712 502 δοκεῖ
739 458 1090 515 πολλοστημόριόν
1118 476 1157 501 τι
1179 459 1276 516 περὶ
1304 454 1362 502 ὧν
1394 457 1496 502 ἔνιοι
1523 460 1623 501 δια-

162 530 377 583 φωνοῦσιν
406 529 756 583 ε’κκλησιᾰστικῶν
785 529 1003 581 δογμάτων
1040 531 1196 579 μαθεῖν
1225 525 1329 581 πρὸς
1359 526 1518 580 ὕμῶν.”
1552 525 1654 568 καὶὸ

102 583 106 587 Δ
160 592 241 650 γοῖρ
274 594 440 636 α’κούειν
469 594 624 650 ἔφησεν
651 594 794 648 ἔριδας
824 596 872 635 οὐ
893 592 1048 648 μικρὰς
1076 597 1290 649 φυομένοις
1319 590 1456 636 ἄλλοτ’
1483 588 1620 644 ἄλλως

163 663 262 714 περὶ
286 658 421 712 τόμων
451 664 524 702 καί
552 660 841 715 γραμμάτων”,
883 658 940 702 “ἃ
976 664 1320 716 προγεγέννηνται
1360 661 1461 715 μέν”
1486 676 1616 718 φησιν

158 721 263 767 ιὀὐκ
291 722 370 768 οἶδ’
403 723 529 779 ὅπως,
562 724 814 769 ἆθετοῦνται
849 730 894 770 δὲ
925 726 1030 781 πρὸς
1058 730 1220 768 πολλῶν
1251 727 1619 783 ἐλλογιμων,,ἐηι-

163 794 305 849 σφαλῆ
344 791 436 834 τινοῖ
491 796 705 847 θεολογίας
751 796 1032 850 καινοφανοῦς
1085 795 1414 848 ὲμπεριέχεσθαι
1455 790 1621 842 τούτοις

164 856 366 900 δεικνύειν
397 858 585 913 δόγματα
614 859 730 913 μάλα
758 861 957 916 σφοδρῶς
998 862 1331 912 διατεινομένων.
1390 856 1677 916 ἕβουλόμηνίθ

160 928 238 979 μὲν
285 921 359 968 οὖν
403 930 617 985 παρρησίᾳ
659 929 857 984 συνοδικῇ
901 925 975 980 τὴν
1007 925 1238 980 διόρθωσιν
1278 926 1619 989 διαπράξασθαι·

163 995 244 1035 τῶν
275 995 320 1036 δὲ
352 990 609 1048 πραγμάτων
631 994 682 1034 οὔ
711 993 1043 1048 συγχωρούντων
1071 992 1114 1035 ἔν
1133 1010 1177 1046 γε
1206 996 1266 1050 τῷ
1295 993 1487 1047 παρόντι,
1514 990 1622 1046 βοαί·-
1665 1017 1672 1020 -

164 1063 289 1112 λομαι
318 1064 417 1115 παρ’
446 1060 566 1113 ὑμῶν
598 1063 704 1115 ’γοῦν
733 1063 936 1103 ἐνταυθοῖ
973 1063 1047 1103 νῦν
1077 1058 1404 1116 ὁπωσδηποτοῧν
1442 1063 1622 1114 συνελη-

163 1125 354 1168 λυθότων
386 1128 484 1181 περί
512 1126 604 1176 ἑνὸς
636 1125 879 1170 οὑτινοσοῦν
909 1128 1108 1183 αὐτήκοος
1146 1130 1377 1182 γεγονέναι.
1435 1126 1506 1182 τὸν
1536 1127 1618 1182 γὰρ

162 1192 237 1243 τάς
277 1196 594 1247 θρυλλουμένας
640 1192 782 1248 ἔριδας
832 1194 904 1236 καί
945 1198 1179 1250 διαφωνίας
1226 1195 1448 1250 α’γείροντα
1490 1192 1619 1246 τόμον
1635 1195 1678 1232 15

162 1262 268 1312 ἐμοῦ
312 1260 601 1314 διατριβόντος
631 1260 686 1303 ’ἐν
726 1263 1005 1318 Θεσσαλονίκῃ
1048 1263 1328 1315 συμπέπτωκε
1355 1261 1619 1316 γεγενῆσθαι,
1676 1312 1678 1315 v

164 1325 220 1375 ὥς
242 1325 346 1381 μήθ’
378 1322 406 1367 d*
435 1329 544 1381 λέγει
574 1326 788 1381 γινώσκειν
817 1329 905 1381 ἐμέ,
934 1327 1038 1384 μήθ’
1082 1325 1191 1377 ὅπως
1224 1328 1426 1383 α’ληθείας
1454 1322 1481 1381 ἢ
1508 1326 1622 1380 ψεύ-

167 1393 264 1441 δους
292 1391 396 1446 ἔχει,
430 1392 474 1435 εἴ
496 1410 557 1443 τις
587 1394 768 1450 ἀκριβῶς
812 1394 1016 1446 ἐξετάζειν
1045 1394 1253 1448 βούλοιτο.
1328 1395 1448 1436 δέδια
1478 1394 1517 1435 δ’
1546 1386 1621 1435 οὖν

164 1459 221 1513 μὴ
253 1459 383 1511 κοῖμοί
411 1463 681 1516 προστριβείη
702 1465 830 1516 κρίμα
859 1459 1029 1514 θεόθεν,
1060 1459 1126 1504 ὅτι
1152 1461 1225 1503 καί
1252 1461 1382 1510 αὐτὸς
1410 1463 1463 1519 τῇ
1491 1464 1623 1515 βασι-

164 1525 347 1583 λευούσῃ
390 1527 494 1575 τέως
543 1527 862 1583 ἐπιδεδημηκώς
904 1528 945 1570 ἐν
977 1528 1195 1583 ὑστέροις,
1229 1525 1378 1582 ἑτέρου
1415 1529 1517 1577 τέως
1545 1525 1680 1581 τὴν20

165 1593 356 1643 ἐξουσίαν
386 1593 575 1648 ἔχοντος,
604 1590 716 1636 ἄκων
746 1596 994 1650 ὑπέγραψα,
1032 1597 1229 1648 βιασθείς
1261 1596 1331 1637 ὑπ’
1362 1594 1499 1636 αὐτοῦ
1528 1592 1622 1650 (τὰς

164 1658 244 1715 γὰρ
279 1659 323 1702 ἐν
349 1662 463 1720 μέσῳ
494 1665 598 1716 σιγῶ
626 1661 802 1716 τύχας),
845 1664 920 1704 ου’κ
946 1661 1054 1718 ἔχων
1083 1659 1195 1712 ὅπως
1237 1660 1288 1704 οἲν
1319 1660 1541 1719 ἕκφύγοιμι
1575 1658 1619 1703 τό

166 1891 282 1925 missis
309 1891 353 1924 iis
380 1902 470 1936 quae
505 1893 708 1926 necessaria
747 1899 846 1926 erant
879 1893 1055 1937 Gregoras
1090 1903 1230 1937 quoque
1273 1893 1441 1937 deinceps
1467 1893 1621 1938 rogavit,

167 1939 250 1983 quid
276 1949 314 1972 se
341 1944 523 1983 oporteret
558 1941 677 1973 dicere
713 1941 755 1974 ad
782 1940 1001 1974 voluntatem
1032 1942 1129 1985 regis
1154 1940 1378 1974 divinissimi.
1440 1945 1512 1974 tum
1536 1951 1620 1975 rex:

113 2020 118 2023 ς
167 1987 355 2030 equidem,
387 1987 519 2030 inquit,
561 1988 624 2020 etsi
652 1988 694 2020 ad
731 1987 802 2021 alia
827 1989 969 2031 incepta
1007 1988 1157 2021 animum
1195 1988 1382 2020 advertere
1418 1992 1620 2030 statueram,

165 2038 282 2067 tamen
309 2044 384 2066 cum
424 2044 488 2067 vos
514 2044 607 2067 nunc
636 2036 774 2068 videam
800 2035 857 2068 hic
882 2036 1031 2076 adesse,
1067 2035 1337 2068 convenientius
1368 2033 1454 2067 mihi
1481 2035 1622 2069 videtur

165 2085 299 2124 partem
325 2080 477 2124 aliquam
505 2082 664 2125 quamvis
696 2093 839 2125 parvam
866 2083 1085 2126 dogmatum,
1122 2083 1164 2115 de
1194 2081 1318 2126 quibus
1354 2081 1519 2114 nonnulli
1546 2082 1621 2116 dis-

166 2132 320 2171 ceptam,
349 2128 670 2161 ecclesiasticorum
700 2140 763 2172 per
790 2139 854 2163 vos
882 2140 1113 2173 cognoscere.
1175 2129 1304 2162 etenim
1330 2139 1369 2162 se
1398 2128 1538 2162 audisse
1563 2129 1620 2162 di..

166 2175 218 2208 xit
245 2175 523 2218 disceptationes
549 2186 619 2208 non
658 2176 758 2210 leves
793 2182 892 2210 natas
920 2187 1019 2218 esse,
1054 2176 1142 2210 alias
1177 2176 1282 2210 aliter
1312 2176 1356 2209 de
1381 2174 1621 2210 voluminibus

167 2226 202 2262 ᾳ
227 2221 347 2263 libris,
374 2232 464 2266 quae
491 2223 578 2256 dixit
603 2225 725 2256 nescio
754 2225 927 2267 quomodo
955 2229 1032 2257 orta
1062 2234 1162 2265 esse,
1193 2223 1295 2256 reiici
1322 2228 1438 2256 tamen
1464 2233 1484 2255 a
1509 2223 1622 2257 doctis

165 2268 305 2310 multis,
341 2270 400 2313 qui
443 2269 548 2303 valde
593 2271 723 2303 acriter
757 2271 1013 2304 contenderent
1054 2270 1241 2303 ostendere
1283 2270 1419 2303 infirma
1452 2270 1621 2314 quaedam

165 2315 373 2360 theologiae
399 2317 565 2350 noviciae
595 2318 755 2362 dogmata
781 2319 854 2351 illis
891 2319 1078 2351 contineri.
1141 2317 1304 2351 volebam
1331 2318 1440 2361 igitur
1465 2317 1621 2351 concilio

164 2363 207 2396 ad
234 2362 449 2407 colloquium
489 2370 684 2398 convocato
723 2366 980 2399 correctionem
1018 2374 1203 2409 peragere.
1267 2365 1327 2397 sed
1365 2375 1441 2397 cum
1468 2375 1525 2398 res
1551 2374 1621 2398 non

166 2411 369 2451 conveniat,
399 2421 492 2443 nunc
522 2413 659 2455 quidem
686 2413 771 2446 volo
801 2423 843 2446 ex
886 2413 1008 2454 vobis,
1036 2412 1095 2456 qui
1122 2422 1330 2455 quacunque
1364 2411 1407 2444 de
1434 2422 1539 2445 causa
1564 2412 1623 2445 hic

165 2458 317 2498 adestis,
349 2458 392 2491 de
430 2464 526 2492 certa
562 2460 707 2503 quadam
732 2471 771 2493 re
797 2462 874 2503 ipse
899 2461 1034 2493 audire.
1092 2469 1170 2492 nam
1209 2458 1376 2492 volumen
1401 2458 1503 2500 illud,
1529 2459 1624 2503 quod

166 2505 407 2548 frequentatas
443 2508 690 2540 contentienes
735 2513 769 2540 et
809 2508 1083 2551 disceptationes
1118 2507 1296 2546 continet,
1337 2505 1422 2538 mihi
1462 2516 1539 2539 cum
1585 2506 1623 2539 in

164 2551 418 2585 Thessalonice
443 2563 619 2595 versarer,
650 2555 800 2595 accidit,
833 2559 873 2587 ut
896 2564 1014 2599 neque
1040 2554 1124 2598 quid
1149 2553 1216 2587 sibi
1241 2551 1354 2586 vellet
1379 2552 1623 2597 intelligerem

164 2609 282 2642 neque
308 2604 422 2631 utrum
448 2610 533 2634 vera
559 2611 602 2634 an
631 2602 718 2635 salsa
746 2601 933 2634 exhiberet
958 2602 987 2634 si
1013 2602 1090 2646 quis
1116 2605 1282 2639 accurate
1298 2610 1471 2643 quaerere
1496 2599 1621 2633 vellet.

166 2655 297 2678 vereor
324 2651 441 2679 autem
457 2670 467 2688 ,
493 2658 539 2680 ne
564 2648 649 2681 mihi
675 2658 817 2692 quoque
843 2649 1033 2682 adhaereat
1058 2657 1175 2690 poena
1209 2647 1349 2688 divina,
1377 2647 1459 2690 quia
1487 2652 1523 2680 et
1546 2647 1624 2689 ipse

172 2702 249 2725 cum
274 2693 428 2726 concilio
455 2695 585 2738 hospes
611 2702 736 2738 postea
758 2692 1174 2740 adessem'aliquamdiu‚
1200 2694 1271 2734 alio
1300 2694 1538 2736 praesidente,
1565 2693 1645 2726 in-‘

171 2739 266 2775 vitus
312 2749 442 2775 nomen
483 2742 676 2787 subscripsi
714 2743 757 2777 ab
795 2751 838 2775 eo
871 2748 1026 2777 coactus.
1090 2751 1179 2787 quae
1217 2741 1309 2775 enim
1349 2741 1627 2776 intercesserunt
