1826 3120
1534 64 1541 71 .
1564 39 1570 45 -*
1639 45 1653 59 *l
1674 63 1675 66 =
1706 55 1707 58 ¹
1729 42 1741 62 ἱ
1790 63 1792 74 ;

283 160 380 214 290
731 167 1029 214 mcmiom
1069 166 1376 213 GREGORAE
1598 200 1616 207 -

279 274 344 318 διὸ
370 274 514 332 κύριον
542 272 688 331 αὐτόν,
719 275 845 330 θεὸν,
876 278 1051 330 δίκαιον,
1081 274 1276 331 ἰσχυρόν,
1306 272 1596 330 μακρόθυμον,
1630 273 1739 330 ἅλη-

277 342 424 396 θινόν,
474 343 702 399 ἐλεήμονα,
736 343 807 386 καί
835 343 885 385 τά
918 340 1216 397 παραπλήσια,
1244 339 1532 396 πολυωνύμως
1559 334 1586 398 ἢ
1615 339 1738 397 τόγε
1817 340 1826 407 j

278 408 575 464 ἀκριβέστερον
602 410 734 452 εἰπεῖν
761 408 1045 465 ὲτερωνύμως,
1073 407 1426 463 κατονομάζομεν.
1493 405 1547 452 τά
1581 410 1626 451 δὲ
1654 424 1737 452 τοι-

278 477 383 517 αῦτα
435 473 622 528 ὀνόματα
646 478 786 518 ’θέσει
830 474 995 525 πάντως
1034 477 1117 518 εἰσί
1160 477 1232 517 καί
1259 471 1310 516 οὕ
1341 472 1486 532 φύσει,
1534 473 1590 525 ὥς
1617 473 1737 530 ἧμεῖς

127 558 131 561 Α
189 542 621 594 Ξῗθπροδεδεύςαμεν.
682 543 752 583 καί
791 541 811 583 ὅ
853 543 982 596 μέγας
1021 542 1188 597 α’λλαχῇ
1220 543 1349 598 φησίν
1373 536 1629 590 Ἀθανάσιος
1672 537 1770 583 8115

116 608 349 648 ἰ.139ι·.και“
373 606 415 647 τὸ
449 606 550 649 θεὸν
585 605 692 650 εἶναι
726 609 921 662 δεύτερόν
957 610 1047 651 ἐστι
1095 609 1164 662 τῆς
1191 608 1391 664 φύσεωςω
1452 607 1525 650 καὶ
1556 604 1577 648 ὅ
1607 608 1737 663 μέγας

276 674 319 713 ἐν
360 676 554 731 θεολογίᾳ
602 673 832 730 Γρηγόριος
873 670 936 717 ὅτι
979 674 1031 716 ου’
1074 672 1204 730 φύσις
1230 676 1318 731 θεῷ
1357 670 1381 728 ἦ
1422 671 1630 730 ἇπλότης·
1686 671 1730 716 τὰ

273 742 351 792 μὲν
379 739 460 794 γὰρ
491 740 564 794 τήν
591 739 794 796 θεατικὴν
821 740 953 784 αὕὶοὕ
981 742 1206 797 παρίστησι
1232 735 1431 795 δύναμιν,
1461 740 1506 785 τὸ
1529 741 1574 784 δὲ
1598 739 1646 782 τὰ
1674 739 1732 794 μὴ

274 802 379 847 εἶναι
406 805 618 849 σύνθετον.
677 809 751 849 καί
779 805 921 856 ἇπλαῖς
949 808 1080 850 εἰπεῖν
1110 809 1232 851 ου’δὲν
1259 810 1342 851 τῶν
1371 804 1588 861 ὀνομάτων
1618 807 1732 849 ἐστίν
1812 847 1826 861 .;.

276 868 299 912 b*
328 871 386 924 μή
421 871 616 927 δεύτερόν
637 875 724 916 ἐστι
756 876 828 928 τῆς
855 874 974 923 θείας
996 873 1177 929 φύσεως.
1234 875 1618 930 περιγεγραμμένος
1647 870 1726 927 γάρ
1746 880 1789 916 10
1819 891 1826 922 1

273 954 335 987 τις
363 935 459 992 ὅρος
489 941 636 989 ου’σιάς
668 943 741 982 καί
770 938 939 996 φύσεως
967 943 1123 994 γίνεται
1151 936 1354 995 τοῦνομα,
1386 937 1409 994 ἧ
1433 941 1473 981 δ’
1499 939 1732 1000 α’περίγρα-
1824 958 1826 963 ·

276 1020 375 1053 πτος
405 1004 541 1061 ἐκείνη
574 1007 704 1062 φύσις
731 1013 1014 1063 περιγραφαῖς
1061 1006 1275 1060 ὀνομάτων
1310 1003 1528 1049 δουλεύειν
1573 1002 1624 1047 οὗ
1651 1004 1730 1047 δυ’-

185 1082 259 1114 8⁰
275 1088 411 1115 ναται.
470 1072 543 1113 καί
569 1075 613 1114 ὲν
641 1069 768 1130 ἑτέρῳ
798 1075 834 1114 δ’
866 1072 887 1114 ὅ
931 1075 1045 1123 θεῖος
1086 1073 1324 1116 Νυσσαὲων
1358 1071 1593 1128 Γρηγόριος
1633 1072 1732 1125 περὶ

273 1142 354 1181 τῶν
400 1139 539 1181 αὐτῶν
580 1138 799 1193 ὀνομάτων
839 1135 947 1182 οὕτω
997 1144 1140 1196 φησίν.
1203 1139 1273 1181 “εἰ
1311 1140 1602 1194 προϋφέστηκε
1647 1139 1729 1180 τῶν

273 1204 492 1261 ἐνεργειῶν
520 1204 544 1259 ἦ
578 1205 720 1259 οὐσία,
750 1208 927 1259 νοοῦμεν
958 1206 1004 1247 δὲ
1047 1204 1120 1255 τὰς
1148 1206 1360 1260 ἐνεργείας
1394 1206 1448 1246 δι’
1477 1197 1536 1245 ὧν
1568 1204 1728 1247 αἴσθοιο
1742 1217 1785 1255 15
1825 1206 1826 1209 ’

273 1271 449 1324 νόμεθα)
478 1269 640 1326 ῥήμασι
672 1274 717 1314 δὲ
749 1267 862 1322 ὅπως
886 1267 939 1314 ἂν
967 1267 997 1329 ᾗ
1027 1273 1211 1315 δυνατὸν
1233 1273 1545 1326 ἐξαγγέλλομεν,
1574 1272 1637 1320 τίς
1664 1267 1727 1315 ἔτι

271 1340 568 1380 καταλείπεται
598 1337 731 1394 φόβος
760 1338 942 1392 νεώτερα
969 1342 1050 1381 τῶν
1078 1339 1336 1394 πραγμάτων
1366 1337 1418 1379 τὰ
1447 1334 1630 1391 ὄνόματα
1659 1338 1729 1380 λε’-

270 1420 382 1458 γειν;
411 1405 451 1447 εἰ
472 1404 551 1459 γάρ
579 1404 638 1459 μή
674 1406 876 1461 πρότερον
906 1401 1188 1461 ἓρμηνεύομέν
1217 1422 1257 1448 τι
1288 1407 1370 1447 τῶν
1398 1403 1496 1459 περὶ
1521 1406 1627 1446 θεοῦ
1655 1408 1730 1449 λε,-

269 1473 454 1525 γομένων
485 1474 583 1526 πρίν
616 1468 669 1513 ἂν
697 1472 923 1529 νοήσωμεν,
954 1474 1116 1525 νοοῦμεν
1158 1473 1204 1513 δὲ
1233 1473 1287 1513 δι’
1319 1467 1379 1513 ὧν
1423 1473 1469 1513 ἐκ
1497 1472 1580 1513 τῶν
1609 1472 1725 1527 ε’νερ..

270 1539 392 1591 γειῶν
424 1537 737 1592 διδασκόμεθα,
779 1541 1071 1595 προϋφέστηκε
1101 1540 1148 1580 δὲ
1190 1537 1506 1593 τῆς.ἐνεργειάς
1536 1534 1561 1592 ἦ
1593 1535 1784 1582 δύω-20

270 1620 355 1657 μις,
391 1604 415 1658 ἦ
460 1606 505 1646 δὲ
547 1602 727 1659 δύναμις
769 1605 988 1662 ἐξήρτηται
1024 1607 1099 1647 τοῦ
1139 1608 1261 1647 θείου
1305 1602 1570 1659 θελήματος,
1603 1603 1648 1645 τὸ
1679 1606 1726 1647 δὲ

268 1670 462 1727 βούλημα
491 1672 536 1714 ἐν
571 1675 621 1728 τῇ
651 1675 821 1730 ἐξουσίᾳ
860 1675 931 1728 τῆς
960 1675 1082 1723 θείας
1110 1671 1328 1715 ἀπόκειται
1357 1669 1548 1728 φύσεως,
1576 1664 1643 1727 ἆρ’
1675 1669 1727 1712 οὗ

272 1860 357 1895 vino
384 1861 650 1906 cogitationem.
701 1863 928 1907 quamobrem
955 1863 1131 1897 dominum
1159 1872 1262 1903 eum,
1288 1861 1403 1904 deum,
1429 1862 1569 1904 iustum,
1593 1865 1724 1905 poten-

270 1913 352 1950 tem,
379 1908 614 1952 clementem,
641 1919 777 1951 verum,
803 1911 1080 1952 misericordem,
1107 1909 1263 1954 taliaque
1288 1909 1421 1951 multis,
1447 1909 1537 1950 sive,
1566 1908 1602 1942 id
1630 1909 1724 1954 quod

271 1956 467 1989 accuratius
515 1957 660 1999 dicitur,
709 1957 790 1991 aliis
831 1958 1030 1992 nominibus
1067 1967 1247 1991 vocamus.
1303 1955 1389 1990 talia
1432 1959 1547 1989 autem
1582 1957 1724 1990 nomina

270 2003 411 2035 omnino
439 2005 694 2047 compositione
720 2015 837 2049 neque
863 2015 949 2039 vero
967 2010 1089 2038 natura
1116 2009 1196 2038 sunt
1221 2003 1333 2037 saeta:
1359 2003 1450 2047 quod
1479 2012 1584 2046 supra
1609 2013 1629 2036 a
1653 2013 1723 2037 no-

267 2049 322 2083 bis
349 2050 622 2084 demonstratum
649 2057 712 2086 est.
765 2058 800 2086 ει
824 2052 909 2086 alibi
935 2052 1148 2086 Athanasius
1181 2060 1327 2094 magnus
1357 2051 1419 2091 ait,
1444 2045 1485 2085 τὸ
1514 2050 1615 2083 deum
1643 2061 1722 2084 esse

267 2097 458 2130 secundum
489 2103 543 2131 est
568 2108 588 2130 a
611 2104 748 2132 natura.
801 2106 835 2133 et
859 2110 1006 2144 magnus
1044 2100 1080 2132 in
1105 2098 1210 2132 rebus
1235 2098 1366 2131 divinis
1392 2097 1605 2141 quaerendis
1631 2096 1722 2131 Gre-

267 2145 416 2187 goriusz
451 2145 659 2188 simplicitas
698 2147 763 2180 deo
789 2157 861 2180 non
889 2153 942 2180 est
969 2152 1119 2187 natura3
1154 2145 1324 2178 alterum-1
1341 2145 1433 2178 enim
1469 2144 1506 2177 in
1533 2154 1576 2178 eo
1599 2145 1722 2178 statuit

268 2191 338 2223 vim
364 2191 523 2233 videndi,
550 2192 662 2227 altera
688 2203 760 2227 non
787 2205 865 2227 esse
904 2196 1047 2239 (unum)
1077 2193 1317 2235 compositum.
1379 2196 1486 2236 atque
1511 2200 1582 2225 uno
1608 2191 1719 2226 verbo

265 2237 402 2270 nullum
429 2248 558 2272 nomen
584 2245 638 2273 est
664 2241 756 2284 quod
782 2251 853 2274 non
881 2241 1070 2274 secundum
1109 2241 1154 2273 sit
1178 2250 1198 2272 a
1221 2244 1345 2272 natura
1369 2238 1500 2272 divina.
1567 2239 1720 2272 circum-

266 2285 417 2327 scriptus
446 2287 534 2319 enim
573 2288 826 2331 quodammodo
853 2289 931 2322 finis
968 2288 1143 2321 essentiae
1170 2291 1204 2319 et
1236 2291 1382 2319 naturae
1407 2290 1460 2318 est
1483 2295 1631 2319 nomen:
1658 2284 1721 2318 ina

266 2337 383 2365 autem
407 2344 479 2367 non
498 2334 766 2378 circumscripta
790 2341 913 2369 natura
939 2333 1322 2376 circumscriptionibus
1340 2333 1518 2366 nominum
1544 2333 1720 2366 inservire

267 2388 337 2411 non
370 2386 499 2423 potest.
537 2381 668 2414 etalio
696 2382 778 2416 loco
819 2383 959 2416 divinus
991 2381 1181 2425 Gregorius
1216 2379 1392 2423 nyssaeus
1432 2380 1475 2412 dc
1500 2379 1625 2413 iisdem
1650 2389 1719 2412 no-

267 2426 418 2461 minibus
445 2427 533 2461 haec
559 2428 656 2462 dicit.
678 2454 680 2457 .
707 2430 737 2463 si
770 2430 867 2472 prior
892 2429 1094 2462 efficientiis
1123 2431 1198 2460 erat
1224 2427 1390 2468 essentia,
1419 2426 1628 2459 efficientias
1653 2436 1719 2459 au-

267 2477 337 2505 tem
365 2485 424 2508 eas
450 2474 698 2519 intelligimus,
725 2486 810 2519 quas
836 2476 1156 2515 animadvertimus,
1184 2473 1246 2507 has
1271 2479 1399 2515 autem,
1426 2478 1598 2517 quatenus
1621 2472 1718 2514 licet,

271 2521 390 2554 verbis
419 2523 660 2565 enunciamus,
691 2523 750 2567 qui
778 2525 845 2557 iam
873 2522 1085 2566 relinquitur
1109 2522 1226 2562 timor,
1252 2531 1313 2553 cur
1337 2530 1409 2553 non
1435 2520 1633 2564 posteriora
1657 2530 1719 2553 re·-

268 2566 332 2600 bus
368 2570 511 2602 nomina
543 2569 727 2603 dicamus?
791 2571 920 2604 etenim
954 2571 983 2603 si
1022 2578 1092 2601 non
1135 2573 1237 2601 antea
1282 2567 1496 2610 explicamus
1533 2566 1718 2610 quidquam

271 2623 404 2657 eorum,
431 2626 522 2659 quae
548 2616 590 2649 de
616 2617 682 2650 deo
709 2618 884 2659 dicuntur,
918 2627 1018 2661 quam
1044 2614 1298 2658 intelligamus,
1327 2625 1370 2647 ex
1397 2615 1440 2647 iis
1463 2618 1581 2648 autem
1606 2614 1718 2647 intel-

265 2659 423 2705 ligimus,
454 2673 544 2707 quae
571 2674 615 2697 ex
641 2664 843 2698 efficientiis
879 2663 1146 2708 cognoscimus,
1186 2662 1379 2695 efficientia
1403 2666 1518 2694 autem
1542 2660 1640 2703 prior
1665 2665 1718 2693 est

263 2708 330 2751 vis,
360 2710 415 2743 vis
443 2716 559 2744 autem
584 2712 716 2754 pendet
743 2721 786 2745 ex
811 2710 996 2746 voluntate
1021 2710 1160 2751 divina3
1199 2708 1364 2744 voluutas
1393 2713 1509 2742 autem
1534 2708 1570 2740 in
1597 2706 1713 2740 facul..

261 2758 332 2791 tate
357 2756 499 2794 divinae
528 2759 645 2805 posita
683 2763 736 2795 est
760 2763 920 2805 naturae,
945 2767 1065 2799 nonne
1093 2761 1216 2803 aperte
1242 2755 1510 2803 cognoscimus,
1533 2753 1706 2792 accedere
