<?xml version="1.0" encoding="UTF-8"?>
<!DOCTYPE html PUBLIC "-//W3C//DTD XHTML 1.0 Transitional//EN"
    "http://www.w3.org/TR/xhtml1/DTD/xhtml1-transitional.dtd">
<html xmlns="http://www.w3.org/1999/xhtml" xml:lang="en" lang="en">
 <head>
  <title>
</title>
<meta http-equiv="Content-Type" content="text/html;charset=utf-8" />
  <meta name='ocr-system' content='tesseract 3.04.00' />
  <meta name='ocr-capabilities' content='ocr_page ocr_carea ocr_par ocr_line ocrx_word'/>
</head>
<body>
  <div class='ocr_page' id='page_1' title='image "./corpusscriptorum40niebuoft_0428.png"; bbox 0 0 1852 3138; ppageno 0'>
   <div class='ocr_carea' id='block_1_1' title="bbox 316 139 1360 195">
    <p class='ocr_par' dir='ltr' id='par_1_1' title="bbox 316 139 1360 195">
     <span class='ocr_line' id='line_1_1' title="bbox 316 139 1360 195; baseline 0.004 -5"><span class='ocrx_word' id='word_1_1' title='bbox 316 139 416 195; x_wconf 75' lang='lat'><strong>416</strong></span> <span class='ocrx_word' id='word_1_2' title='bbox 532 173 535 181; x_wconf 42' lang='grc' dir='ltr'><strong><em>ι</em></strong></span> <span class='ocrx_word' id='word_1_3' title='bbox 717 149 1013 194; x_wconf 76' lang='lat' dir='ltr'><strong>NlcEPnom</strong></span> <span class='ocrx_word' id='word_1_4' title='bbox 1057 147 1360 194; x_wconf 68' lang='lat' dir='ltr'>GREGORAE</span> 
     </span>
    </p>
   </div>
   <div class='ocr_carea' id='block_1_2' title="bbox 148 252 1833 1724">
    <p class='ocr_par' dir='ltr' id='par_1_2' title="bbox 148 252 1833 1722">
     <span class='ocr_line' id='line_1_2' title="bbox 316 252 1771 316; baseline 0.003 -20"><span class='ocrx_word' id='word_1_5' title='bbox 316 256 389 310; x_wconf 81' lang='grc' dir='ltr'><strong>τῆς</strong></span> <span class='ocrx_word' id='word_1_6' title='bbox 414 255 637 312; x_wconf 76' lang='grc' dir='ltr'><strong><em>ἐκκλησίας</em></strong></span> <span class='ocrx_word' id='word_1_7' title='bbox 665 258 845 306; x_wconf 79' lang='grc' dir='ltr'><strong><em>ἐννοίαις</em></strong></span> <span class='ocrx_word' id='word_1_8' title='bbox 875 252 1099 311; x_wconf 76' lang='grc' dir='ltr'><strong><em>ἑπόμενος,</em></strong></span> <span class='ocrx_word' id='word_1_9' title='bbox 1135 257 1260 300; x_wconf 61' lang='grc' dir='ltr'><strong><em>ταῦθ’</em></strong></span> <span class='ocrx_word' id='word_1_10' title='bbox 1293 254 1436 315; x_wconf 70' lang='grc' dir='ltr'><strong><em>ὥσπερ</em></strong></span> <span class='ocrx_word' id='word_1_11' title='bbox 1478 258 1523 300; x_wconf 75' lang='grc' dir='ltr'><strong><em>ἒν</em></strong></span> <span class='ocrx_word' id='word_1_12' title='bbox 1549 256 1771 316; x_wconf 75' lang='grc' dir='ltr'><strong><em>μεταμέλῳ</em></strong></span> 
     </span>
     <span class='ocr_line' id='line_1_3' title="bbox 317 322 1774 383; baseline 0.004 -21"><span class='ocrx_word' id='word_1_13' title='bbox 317 323 536 378; x_wconf 75' lang='grc' dir='ltr'><strong><em>γενόμενος</em></strong></span> <span class='ocrx_word' id='word_1_14' title='bbox 564 323 730 380; x_wconf 74' lang='grc' dir='ltr'><strong><em>γνώμης</em></strong></span> <span class='ocrx_word' id='word_1_15' title='bbox 760 323 971 380; x_wconf 74' lang='grc' dir='ltr'><strong><em>διορύττει</em></strong></span> <span class='ocrx_word' id='word_1_16' title='bbox 1000 323 1072 366; x_wconf 82' lang='grc' dir='ltr'><em>καί</em></span> <span class='ocrx_word' id='word_1_17' title='bbox 1104 323 1301 381; x_wconf 84' lang='grc' dir='ltr'><strong><em>ἀναιρεῖ,</em></strong></span> <span class='ocrx_word' id='word_1_18' title='bbox 1330 325 1421 375; x_wconf 75' lang='grc' dir='ltr'><strong>πῶς</strong></span> <span class='ocrx_word' id='word_1_19' title='bbox 1446 322 1496 367; x_wconf 79' lang='grc' dir='ltr'><strong>οὗ</strong></span> <span class='ocrx_word' id='word_1_20' title='bbox 1523 326 1774 383; x_wconf 79' lang='grc' dir='ltr'><strong><em>παραβάτην</em></strong></span> 
     </span>
     <span class='ocr_line' id='line_1_4' title="bbox 317 384 1774 448; baseline 0.003 -18"><span class='ocrx_word' id='word_1_21' title='bbox 317 384 467 431; x_wconf 68' lang='grc' dir='ltr'><strong><em>ἑαυτὸν</em></strong></span> <span class='ocrx_word' id='word_1_22' title='bbox 499 390 687 433; x_wconf 87' lang='grc' dir='ltr'><strong><em>δείκνυσι</em></strong></span> <span class='ocrx_word' id='word_1_23' title='bbox 715 389 823 432; x_wconf 79' lang='grc' dir='ltr'><strong><em>κατὰ</em></strong></span> <span class='ocrx_word' id='word_1_24' title='bbox 863 389 933 432; x_wconf 85' lang='grc' dir='ltr'><strong>τὸν</strong></span> <span class='ocrx_word' id='word_1_25' title='bbox 963 393 1082 433; x_wconf 78' lang='grc' dir='ltr'><strong><em>θεῖον</em></strong></span> <span class='ocrx_word' id='word_1_26' title='bbox 1117 391 1250 448; x_wconf 80' lang='grc' dir='ltr'><strong><em>φάναι</em></strong></span> <span class='ocrx_word' id='word_1_27' title='bbox 1290 390 1548 445; x_wconf 77' lang='grc' dir='ltr'><strong><em>ἀπόστολον,</em></strong></span> <span class='ocrx_word' id='word_1_28' title='bbox 1581 392 1655 436; x_wconf 78' lang='grc' dir='ltr'><strong><em>καί</em></strong></span> <span class='ocrx_word' id='word_1_29' title='bbox 1685 391 1774 448; x_wconf 75' lang='grc' dir='ltr'><strong>ἅμα</strong></span> 
     </span>
     <span class='ocr_line' id='line_1_5' title="bbox 317 452 1772 516; baseline 0.003 -20"><span class='ocrx_word' id='word_1_30' title='bbox 317 452 456 514; x_wconf 70' lang='grc' dir='ltr'><strong><em>ἑαυτῷ</em></strong></span> <span class='ocrx_word' id='word_1_31' title='bbox 484 456 726 511; x_wconf 83' lang='grc' dir='ltr'><strong><em>μαχόμενον</em></strong></span> <span class='ocrx_word' id='word_1_32' title='bbox 741 457 814 499; x_wconf 83' lang='grc' dir='ltr'>καί</span> <span class='ocrx_word' id='word_1_33' title='bbox 829 456 1021 512; x_wconf 72' lang='grc' dir='ltr'><strong><em>θεότητις</em></strong></span> <span class='ocrx_word' id='word_1_34' title='bbox 1053 457 1263 500; x_wconf 73' lang='grc' dir='ltr'><strong><em>δέδεικται</em></strong></span> <span class='ocrx_word' id='word_1_35' title='bbox 1289 456 1371 516; x_wconf 69' lang='grc' dir='ltr'><strong>γὰρ</strong></span> <span class='ocrx_word' id='word_1_36' title='bbox 1404 457 1528 510; x_wconf 73' lang='grc' dir='ltr'><strong><em>αὐτὸς</em></strong></span> <span class='ocrx_word' id='word_1_37' title='bbox 1555 459 1600 502; x_wconf 76' lang='grc' dir='ltr'><strong><em>ἐν</em></strong></span> <span class='ocrx_word' id='word_1_38' title='bbox 1624 474 1772 516; x_wconf 86' lang='grc' dir='ltr'><strong><em>προοι-</em></strong></span> 
     </span>
     <span class='ocr_line' id='line_1_6' title="bbox 315 522 1807 582; baseline 0.003 -17"><span class='ocrx_word' id='word_1_39' title='bbox 315 524 429 579; x_wconf 92' lang='grc' dir='ltr'><strong><em>μίοις</em></strong></span> <span class='ocrx_word' id='word_1_40' title='bbox 471 524 682 566; x_wconf 73' lang='grc' dir='ltr'><strong><em>διδάσκων</em></strong></span> <span class='ocrx_word' id='word_1_41' title='bbox 724 522 836 580; x_wconf 75' lang='grc' dir='ltr'><strong><em>ἡμᾶς</em></strong></span> <span class='ocrx_word' id='word_1_42' title='bbox 879 526 970 582; x_wconf 79' lang='grc' dir='ltr'><strong>φῶς</strong></span> <span class='ocrx_word' id='word_1_43' title='bbox 1015 524 1060 567; x_wconf 78' lang='grc' dir='ltr'><strong><em>ἓν</em></strong></span> <span class='ocrx_word' id='word_1_44' title='bbox 1103 525 1332 582; x_wconf 77' lang='grc' dir='ltr'><strong><em>ἀπρόσιτον</em></strong></span> <span class='ocrx_word' id='word_1_45' title='bbox 1377 522 1487 569; x_wconf 81' lang='grc' dir='ltr'><strong><em>εἶναι</em></strong></span> <span class='ocrx_word' id='word_1_46' title='bbox 1527 524 1603 582; x_wconf 83' lang='grc' dir='ltr'><strong>τὴν</strong></span> <span class='ocrx_word' id='word_1_47' title='bbox 1643 525 1807 582; x_wconf 85' lang='grc' dir='ltr'><strong><em>μόνην5</em></strong></span> 
     </span>
     <span class='ocr_line' id='line_1_7' title="bbox 320 588 1773 649; baseline 0.003 -17"><span class='ocrx_word' id='word_1_48' title='bbox 320 591 479 647; x_wconf 78' lang='grc' dir='ltr'><strong><em>ἐκείνην</em></strong></span> <span class='ocrx_word' id='word_1_49' title='bbox 525 588 717 634; x_wconf 74' lang='grc' dir='ltr'><strong><em>ἄκτιστον</em></strong></span> <span class='ocrx_word' id='word_1_50' title='bbox 745 593 820 646; x_wconf 81' lang='grc' dir='ltr'><strong>τῆς</strong></span> <span class='ocrx_word' id='word_1_51' title='bbox 847 594 1066 648; x_wconf 78' lang='grc' dir='ltr'><strong><em>μακαρίας</em></strong></span> <span class='ocrx_word' id='word_1_52' title='bbox 1100 593 1272 649; x_wconf 80' lang='grc' dir='ltr'><strong><em>τριάδος</em></strong></span> <span class='ocrx_word' id='word_1_53' title='bbox 1303 592 1451 636; x_wconf 81' lang='grc' dir='ltr'><strong><em>οὖσιάν</em></strong></span> <span class='ocrx_word' id='word_1_54' title='bbox 1487 608 1532 636; x_wconf 86' lang='grc' dir='ltr'><strong>τε</strong></span> <span class='ocrx_word' id='word_1_55' title='bbox 1573 594 1648 636; x_wconf 78' lang='grc' dir='ltr'><strong>καὶ</strong></span> <span class='ocrx_word' id='word_1_56' title='bbox 1674 593 1773 636; x_wconf 72' lang='grc' dir='ltr'><strong><em>θεό-</em></strong></span> 
     </span>
     <span class='ocr_line' id='line_1_8' title="bbox 315 655 1811 716; baseline 0.001 -16"><span class='ocrx_word' id='word_1_57' title='bbox 315 674 430 713; x_wconf 87' lang='grc' dir='ltr'><strong><em>τητα.</em></strong></span> <span class='ocrx_word' id='word_1_58' title='bbox 490 657 717 714; x_wconf 77' lang='grc' dir='ltr'><strong><em>ἀπρόσιτον</em></strong></span> <span class='ocrx_word' id='word_1_59' title='bbox 747 660 784 700; x_wconf 82' lang='grc' dir='ltr'><strong><em>δ’</em></strong></span> <span class='ocrx_word' id='word_1_60' title='bbox 819 658 948 701; x_wconf 80' lang='grc' dir='ltr'><strong><em>εἰπών</em></strong></span> <span class='ocrx_word' id='word_1_61' title='bbox 975 659 1048 701; x_wconf 81' lang='grc' dir='ltr'><strong>καὶ</strong></span> <span class='ocrx_word' id='word_1_62' title='bbox 1068 658 1248 715; x_wconf 87' lang='grc' dir='ltr'><strong><em>ἀόρατον</em></strong></span> <span class='ocrx_word' id='word_1_63' title='bbox 1267 660 1501 716; x_wconf 78' lang='grc' dir='ltr'><strong><em>δεδήλωκεν</em></strong></span> <span class='ocrx_word' id='word_1_64' title='bbox 1531 655 1642 706; x_wconf 81' lang='grc' dir='ltr'><strong><em>εἶναι</em></strong></span> <span class='ocrx_word' id='word_1_65' title='bbox 1667 658 1776 715; x_wconf 80' lang='grc' dir='ltr'><strong><em>μετὰ</em></strong></span> <span class='ocrx_word' id='word_1_66' title='bbox 1808 705 1811 709; x_wconf 57' lang='grc'><strong>,</strong></span> 
     </span>
     <span class='ocr_line' id='line_1_9' title="bbox 318 723 1774 784; baseline 0.001 -18"><span class='ocrx_word' id='word_1_67' title='bbox 318 726 475 766; x_wconf 79' lang='grc' dir='ltr'><strong><em>πολλοῦ</em></strong></span> <span class='ocrx_word' id='word_1_68' title='bbox 505 725 579 766; x_wconf 83' lang='grc' dir='ltr'><strong>τοῦ</strong></span> <span class='ocrx_word' id='word_1_69' title='bbox 607 725 860 781; x_wconf 87' lang='grc' dir='ltr'><strong><em>κρείττονος·</em></strong></span> <span class='ocrx_word' id='word_1_70' title='bbox 918 723 971 767; x_wconf 80' lang='grc' dir='ltr'><strong>τὰ</strong></span> <span class='ocrx_word' id='word_1_71' title='bbox 994 726 1039 768; x_wconf 80' lang='grc' dir='ltr'><strong><em>δὲ</em></strong></span> <span class='ocrx_word' id='word_1_72' title='bbox 1067 730 1156 780; x_wconf 81' lang='grc' dir='ltr'><strong><em>μετ’</em></strong></span> <span class='ocrx_word' id='word_1_73' title='bbox 1178 724 1277 768; x_wconf 74' lang='grc' dir='ltr'><strong><em>αὐτὸ</em></strong></span> <span class='ocrx_word' id='word_1_74' title='bbox 1306 726 1440 773; x_wconf 87' lang='grc' dir='ltr'><strong><em>πάντα</em></strong></span> <span class='ocrx_word' id='word_1_75' title='bbox 1464 729 1585 784; x_wconf 78' lang='grc' dir='ltr'><strong><em>φῶτα</em></strong></span> <span class='ocrx_word' id='word_1_76' title='bbox 1618 726 1774 770; x_wconf 88' lang='grc' dir='ltr'><strong><em>κτιστά.</em></strong></span> 
     </span>
     <span class='ocr_line' id='line_1_10' title="bbox 180 787 1774 850; baseline 0.003 -18"><span class='ocrx_word' id='word_1_77' title='bbox 180 810 190 825; x_wconf 25' lang='lat'><strong>¹¹</strong></span> <span class='ocrx_word' id='word_1_78' title='bbox 229 811 304 846; x_wconf 64' lang='lat'><strong>24</strong></span> <span class='ocrx_word' id='word_1_79' title='bbox 320 787 401 833; x_wconf 82' lang='grc' dir='ltr'><strong><em>εἶεν</em></strong></span> <span class='ocrx_word' id='word_1_80' title='bbox 433 793 468 833; x_wconf 81' lang='grc' dir='ltr'><strong><em>δ’</em></strong></span> <span class='ocrx_word' id='word_1_81' title='bbox 503 788 552 833; x_wconf 77' lang='grc' dir='ltr'><strong><em>ἂν</em></strong></span> <span class='ocrx_word' id='word_1_82' title='bbox 578 788 684 834; x_wconf 75' lang='grc' dir='ltr'><strong><em>ἄλλα</em></strong></span> <span class='ocrx_word' id='word_1_83' title='bbox 711 808 755 834; x_wconf 88' lang='grc' dir='ltr'><strong>τε</strong></span> <span class='ocrx_word' id='word_1_84' title='bbox 783 792 947 849; x_wconf 87' lang='grc' dir='ltr'><strong><em>μυριά,</em></strong></span> <span class='ocrx_word' id='word_1_85' title='bbox 986 792 1060 835; x_wconf 84' lang='grc' dir='ltr'><em>καί</em></span> <span class='ocrx_word' id='word_1_86' title='bbox 1097 791 1178 835; x_wconf 83' lang='grc' dir='ltr'><strong>ὅσα</strong></span> <span class='ocrx_word' id='word_1_87' title='bbox 1215 795 1377 848; x_wconf 83' lang='grc' dir='ltr'><strong><em>μᾶλλον</em></strong></span> <span class='ocrx_word' id='word_1_88' title='bbox 1406 788 1531 844; x_wconf 75' lang='grc' dir='ltr'><strong><em>αὐτὸς</em></strong></span> <span class='ocrx_word' id='word_1_89' title='bbox 1559 792 1633 850; x_wconf 86' lang='grc' dir='ltr'><strong>τὴν</strong></span> <span class='ocrx_word' id='word_1_90' title='bbox 1660 791 1774 848; x_wconf 74' lang='grc' dir='ltr'><strong><em>δμώ-</em></strong></span> 
     </span>
     <span class='ocr_line' id='line_1_11' title="bbox 318 858 1806 916; baseline 0 -14"><span class='ocrx_word' id='word_1_91' title='bbox 318 875 449 913; x_wconf 88' lang='grc' dir='ltr'><strong><em>νυμον</em></strong></span> <span class='ocrx_word' id='word_1_92' title='bbox 481 858 625 916; x_wconf 82' lang='grc' dir='ltr'><strong><em>φωνὴν</em></strong></span> <span class='ocrx_word' id='word_1_93' title='bbox 653 861 727 901; x_wconf 82' lang='grc' dir='ltr'><strong>τοῦ</strong></span> <span class='ocrx_word' id='word_1_94' title='bbox 773 858 913 916; x_wconf 83' lang='grc' dir='ltr'><strong><em>φωτὸς</em></strong></span> <span class='ocrx_word' id='word_1_95' title='bbox 957 859 1063 902; x_wconf 82' lang='grc' dir='ltr'><strong><em>κατὰ</em></strong></span> <span class='ocrx_word' id='word_1_96' title='bbox 1101 859 1176 916; x_wconf 79' lang='grc' dir='ltr'><strong>τὴν</strong></span> <span class='ocrx_word' id='word_1_97' title='bbox 1215 862 1274 910; x_wconf 83' lang='grc' dir='ltr'><strong>εἷς</strong></span> <span class='ocrx_word' id='word_1_98' title='bbox 1315 861 1446 904; x_wconf 87' lang='grc' dir='ltr'><strong><em>πλείω</em></strong></span> <span class='ocrx_word' id='word_1_99' title='bbox 1485 861 1806 916; x_wconf 64' lang='grc' dir='ltr'><strong><em>σημαινόμεναῑ</em></strong></span> 
     </span>
     <span class='ocr_line' id='line_1_12' title="bbox 319 925 1776 986; baseline 0.001 -18"><span class='ocrx_word' id='word_1_100' title='bbox 319 927 601 982; x_wconf 85' lang='grc' dir='ltr'><strong><em>ποιησάμενος</em></strong></span> <span class='ocrx_word' id='word_1_101' title='bbox 629 925 797 968; x_wconf 78' lang='grc' dir='ltr'><strong><em>ἔκτασιν</em></strong></span> <span class='ocrx_word' id='word_1_102' title='bbox 837 928 881 969; x_wconf 81' lang='grc' dir='ltr'><strong><em>ἐν</em></strong></span> <span class='ocrx_word' id='word_1_103' title='bbox 922 930 983 986; x_wconf 70' lang='grc' dir='ltr'><strong>τῷ</strong></span> <span class='ocrx_word' id='word_1_104' title='bbox 1013 928 1112 984; x_wconf 76' lang='grc' dir='ltr'><strong><em>περὶ</em></strong></span> <span class='ocrx_word' id='word_1_105' title='bbox 1138 928 1431 983; x_wconf 83' lang='grc' dir='ltr'><strong><em>βαπτίσματος</em></strong></span> <span class='ocrx_word' id='word_1_106' title='bbox 1450 927 1776 986; x_wconf 69' lang='grc' dir='ltr'><strong><em>-ἕξέθετολόγῳ,</em></strong></span> 
     </span>
     <span class='ocr_line' id='line_1_13' title="bbox 148 989 1777 1053; baseline 0.001 -18"><span class='ocrx_word' id='word_1_107' title='bbox 148 1006 256 1044; x_wconf 80' lang='lat' dir='ltr'><strong>f,227</strong></span> <span class='ocrx_word' id='word_1_108' title='bbox 271 1017 303 1042; x_wconf 63' lang='lat' dir='ltr'><strong>a,</strong></span> <span class='ocrx_word' id='word_1_109' title='bbox 320 994 368 1036; x_wconf 83' lang='grc' dir='ltr'><strong>οὖ</strong></span> <span class='ocrx_word' id='word_1_110' title='bbox 397 995 538 1037; x_wconf 86' lang='grc' dir='ltr'><strong><em>τοίνυν</em></strong></span> <span class='ocrx_word' id='word_1_111' title='bbox 564 989 706 1052; x_wconf 73' lang='grc' dir='ltr'><strong><em>ἑαυτῷ</em></strong></span> <span class='ocrx_word' id='word_1_112' title='bbox 733 995 976 1050; x_wconf 88' lang='grc' dir='ltr'><strong><em>μαχόμενος</em></strong></span> <span class='ocrx_word' id='word_1_113' title='bbox 1005 996 1079 1038; x_wconf 79' lang='grc' dir='ltr'>καί</span> <span class='ocrx_word' id='word_1_114' title='bbox 1108 995 1277 1051; x_wconf 73' lang='grc' dir='ltr'><strong><em>θεότητι</em></strong></span> <span class='ocrx_word' id='word_1_115' title='bbox 1305 999 1486 1053; x_wconf 57' lang='grc' dir='ltr'><strong><em>φαινοιτ)</em></strong></span> <span class='ocrx_word' id='word_1_116' title='bbox 1525 993 1576 1039; x_wconf 71' lang='grc' dir='ltr'><strong><em>ἂν</em></strong></span> <span class='ocrx_word' id='word_1_117' title='bbox 1596 994 1620 1039; x_wconf 77' lang='grc' dir='ltr'>ὅ</span> <span class='ocrx_word' id='word_1_118' title='bbox 1645 994 1777 1052; x_wconf 77' lang='grc' dir='ltr'><strong><em>μέγας</em></strong></span> 
     </span>
     <span class='ocr_line' id='line_1_14' title="bbox 321 1056 1778 1118; baseline 0 -14"><span class='ocrx_word' id='word_1_119' title='bbox 321 1056 437 1111; x_wconf 71' lang='grc' dir='ltr'><strong><em>οὗτος</em></strong></span> <span class='ocrx_word' id='word_1_120' title='bbox 483 1061 762 1113; x_wconf 87' lang='grc' dir='ltr'><strong><em>διδάσκαλος,·</em></strong></span> <span class='ocrx_word' id='word_1_121' title='bbox 813 1058 960 1118; x_wconf 76' lang='grc' dir='ltr'><strong><em>ἄπαγε.</em></strong></span> <span class='ocrx_word' id='word_1_122' title='bbox 999 1061 1256 1117; x_wconf 83' lang='grc' dir='ltr'><strong><em>μαινομένης</em></strong></span> <span class='ocrx_word' id='word_1_123' title='bbox 1303 1062 1427 1105; x_wconf 77' lang='grc' dir='ltr'><strong><em>ταυτὶ</em></strong></span> <span class='ocrx_word' id='word_1_124' title='bbox 1467 1062 1656 1112; x_wconf 87' lang='grc' dir='ltr'><strong><em>διανοιόις</em></strong></span> <span class='ocrx_word' id='word_1_125' title='bbox 1704 1061 1778 1104; x_wconf 78' lang='grc' dir='ltr'><strong>καὶ</strong></span> 
     </span>
     <span class='ocr_line' id='line_1_15' title="bbox 318 1125 1774 1186; baseline 0.001 -16"><span class='ocrx_word' id='word_1_126' title='bbox 318 1128 501 1185; x_wconf 77' lang='grc' dir='ltr'><strong><em>γλώττης</em></strong></span> <span class='ocrx_word' id='word_1_127' title='bbox 533 1127 617 1169; x_wconf 82' lang='grc' dir='ltr'><strong><em>εἰσί</em></strong></span> <span class='ocrx_word' id='word_1_128' title='bbox 645 1127 956 1184; x_wconf 85' lang='grc' dir='ltr'><strong><em>παρευρήματα</em></strong></span> <span class='ocrx_word' id='word_1_129' title='bbox 999 1128 1107 1170; x_wconf 81' lang='grc' dir='ltr'><strong><em>κατὰ</em></strong></span> <span class='ocrx_word' id='word_1_130' title='bbox 1149 1130 1224 1171; x_wconf 78' lang='grc' dir='ltr'><strong>τοῦ</strong></span> <span class='ocrx_word' id='word_1_131' title='bbox 1254 1127 1402 1184; x_wconf 76' lang='grc' dir='ltr'><strong><em>ἁγίου,</em></strong></span> <span class='ocrx_word' id='word_1_132' title='bbox 1435 1125 1562 1184; x_wconf 69' lang='grc' dir='ltr'><strong><em>ἤθεσι</em></strong></span> <span class='ocrx_word' id='word_1_133' title='bbox 1589 1144 1774 1186; x_wconf 84' lang='grc' dir='ltr'><strong><em>χρηστο-</em></strong></span> 
     </span>
     <span class='ocr_line' id='line_1_16' title="bbox 318 1194 1833 1252; baseline -0.001 -14"><span class='ocrx_word' id='word_1_134' title='bbox 318 1195 456 1252; x_wconf 86' lang='grc' dir='ltr'><strong><em>τέροις</em></strong></span> <span class='ocrx_word' id='word_1_135' title='bbox 488 1195 671 1250; x_wconf 76' lang='grc' dir='ltr'><strong><em>δολερῶς</em></strong></span> <span class='ocrx_word' id='word_1_136' title='bbox 699 1194 993 1250; x_wconf 89' lang='grc' dir='ltr'><strong><em>κρυπτόμενα·</em></strong></span> <span class='ocrx_word' id='word_1_137' title='bbox 1058 1194 1193 1236; x_wconf 82' lang='grc' dir='ltr'><strong><em>πολλὰ</em></strong></span> <span class='ocrx_word' id='word_1_138' title='bbox 1220 1194 1302 1252; x_wconf 75' lang='grc' dir='ltr'><strong>γὰρ</strong></span> <span class='ocrx_word' id='word_1_139' title='bbox 1331 1197 1486 1246; x_wconf 78' lang='grc' dir='ltr'><strong><em>ἐκεῖνος</em></strong></span> <span class='ocrx_word' id='word_1_140' title='bbox 1524 1196 1774 1252; x_wconf 71' lang='grc' dir='ltr'><strong><em>ἀπαριθμη-</em></strong></span> <span class='ocrx_word' id='word_1_141' title='bbox 1790 1211 1833 1246; x_wconf 82' lang='lat'><strong>15</strong></span> 
     </span>
     <span class='ocr_line' id='line_1_17' title="bbox 321 1258 1776 1318; baseline -0.002 -13"><span class='ocrx_word' id='word_1_142' title='bbox 321 1264 501 1317; x_wconf 87' lang='grc' dir='ltr'><strong><em>σάμενος</em></strong></span> <span class='ocrx_word' id='word_1_143' title='bbox 530 1259 730 1316; x_wconf 76' lang='grc' dir='ltr'><strong><em>λέγεσθαι</em></strong></span> <span class='ocrx_word' id='word_1_144' title='bbox 762 1263 904 1317; x_wconf 78' lang='grc' dir='ltr'><strong><em>φῶτα,</em></strong></span> <span class='ocrx_word' id='word_1_145' title='bbox 945 1262 989 1303; x_wconf 78' lang='grc' dir='ltr'><strong><em>ἓν</em></strong></span> <span class='ocrx_word' id='word_1_146' title='bbox 1024 1264 1106 1304; x_wconf 79' lang='grc' dir='ltr'><strong>τῶν</strong></span> <span class='ocrx_word' id='word_1_147' title='bbox 1137 1264 1301 1304; x_wconf 77' lang='grc' dir='ltr'><strong><em>πολλῶν</em></strong></span> <span class='ocrx_word' id='word_1_148' title='bbox 1336 1258 1444 1304; x_wconf 80' lang='grc' dir='ltr'><strong><em>εἶναι</em></strong></span> <span class='ocrx_word' id='word_1_149' title='bbox 1472 1262 1582 1318; x_wconf 80' lang='grc' dir='ltr'><strong><em>λέγει</em></strong></span> <span class='ocrx_word' id='word_1_150' title='bbox 1610 1262 1776 1305; x_wconf 80' lang='grc' dir='ltr'><strong><em>κάκεῖνο</em></strong></span> 
     </span>
     <span class='ocr_line' id='line_1_18' title="bbox 319 1321 1775 1386; baseline -0.001 -15"><span class='ocrx_word' id='word_1_151' title='bbox 319 1325 365 1372; x_wconf 87' lang='grc' dir='ltr'>τὸ</span> <span class='ocrx_word' id='word_1_152' title='bbox 400 1331 502 1386; x_wconf 80' lang='grc' dir='ltr'><strong><em>φῶς,</em></strong></span> <span class='ocrx_word' id='word_1_153' title='bbox 531 1329 574 1370; x_wconf 79' lang='grc' dir='ltr'><strong><em>ἐν</em></strong></span> <span class='ocrx_word' id='word_1_154' title='bbox 609 1321 643 1385; x_wconf 78' lang='grc' dir='ltr'><em>ᾦ</em></span> <span class='ocrx_word' id='word_1_155' title='bbox 669 1326 728 1383; x_wconf 82' lang='grc' dir='ltr'><strong><em>μὴ</em></strong></span> <span class='ocrx_word' id='word_1_156' title='bbox 760 1329 987 1381; x_wconf 73' lang='grc' dir='ltr'><strong><em>δεδεῖχθαί</em></strong></span> <span class='ocrx_word' id='word_1_157' title='bbox 1009 1345 1138 1385; x_wconf 84' lang='grc' dir='ltr'><strong><em>φησιν</em></strong></span> <span class='ocrx_word' id='word_1_158' title='bbox 1166 1328 1273 1371; x_wconf 81' lang='grc' dir='ltr'><strong><em>ἀλλὰ</em></strong></span> <span class='ocrx_word' id='word_1_159' title='bbox 1293 1326 1636 1386; x_wconf 75' lang='grc' dir='ltr'><strong><em>ἶτάραδεδεῖχθαι</em></strong></span> <span class='ocrx_word' id='word_1_160' title='bbox 1662 1344 1775 1384; x_wconf 85' lang='grc' dir='ltr'><strong><em>τηνι-</em></strong></span> 
     </span>
     <span class='ocr_line' id='line_1_19' title="bbox 321 1392 1775 1452; baseline -0.002 -13"><span class='ocrx_word' id='word_1_161' title='bbox 321 1398 454 1439; x_wconf 78' lang='grc' dir='ltr'><strong><em>καῦτα</em></strong></span> <span class='ocrx_word' id='word_1_162' title='bbox 484 1394 558 1450; x_wconf 78' lang='grc' dir='ltr'><strong>τὴν</strong></span> <span class='ocrx_word' id='word_1_163' title='bbox 591 1394 782 1450; x_wconf 75' lang='grc' dir='ltr'><strong><em>θεότητα,</em></strong></span> <span class='ocrx_word' id='word_1_164' title='bbox 811 1398 885 1450; x_wconf 82' lang='grc' dir='ltr'><strong>τῆς</strong></span> <span class='ocrx_word' id='word_1_165' title='bbox 913 1396 1032 1452; x_wconf 87' lang='grc' dir='ltr'><strong><em>παρά</em></strong></span> <span class='ocrx_word' id='word_1_166' title='bbox 1060 1395 1306 1452; x_wconf 75' lang='grc' dir='ltr'><strong><em>προθέσεως</em></strong></span> <span class='ocrx_word' id='word_1_167' title='bbox 1332 1395 1591 1452; x_wconf 83' lang='grc' dir='ltr'><strong><em>κολαζούσης</em></strong></span> <span class='ocrx_word' id='word_1_168' title='bbox 1617 1395 1662 1438; x_wconf 79' lang='grc' dir='ltr'><strong>τὰ</strong></span> <span class='ocrx_word' id='word_1_169' title='bbox 1698 1392 1775 1437; x_wconf 68' lang='grc' dir='ltr'><strong>αὕ-</strong></span> 
     </span>
     <span class='ocr_line' id='line_1_20' title="bbox 322 1461 1777 1520; baseline 0 -15"><span class='ocrx_word' id='word_1_170' title='bbox 322 1465 453 1512; x_wconf 77' lang='grc' dir='ltr'><strong><em>θαδες</em></strong></span> <span class='ocrx_word' id='word_1_171' title='bbox 475 1464 558 1504; x_wconf 81' lang='grc' dir='ltr'><strong>τῶν</strong></span> <span class='ocrx_word' id='word_1_172' title='bbox 589 1462 753 1512; x_wconf 85' lang='grc' dir='ltr'><strong><em>ἀτόπως</em></strong></span> <span class='ocrx_word' id='word_1_173' title='bbox 781 1461 834 1504; x_wconf 85' lang='grc' dir='ltr'><strong>τὰ</strong></span> <span class='ocrx_word' id='word_1_174' title='bbox 862 1465 961 1504; x_wconf 81' lang='grc' dir='ltr'><strong><em>θεῖα</em></strong></span> <span class='ocrx_word' id='word_1_175' title='bbox 988 1465 1254 1517; x_wconf 84' lang='grc' dir='ltr'><strong><em>βωμολοχεῖν</em></strong></span> <span class='ocrx_word' id='word_1_176' title='bbox 1295 1462 1585 1520; x_wconf 68' lang='grc' dir='ltr'><strong><em>ὡρμημένων,</em></strong></span> <span class='ocrx_word' id='word_1_177' title='bbox 1616 1461 1672 1513; x_wconf 75' lang='grc' dir='ltr'><strong>ὥς</strong></span> <span class='ocrx_word' id='word_1_178' title='bbox 1703 1463 1777 1505; x_wconf 83' lang='grc' dir='ltr'><strong><em>καί</em></strong></span> 
     </span>
     <span class='ocr_line' id='line_1_21' title="bbox 319 1526 1833 1588; baseline 0.001 -17"><span class='ocrx_word' id='word_1_179' title='bbox 319 1529 421 1585; x_wconf 79' lang='grc' dir='ltr'><strong><em>ἡμῖν</em></strong></span> <span class='ocrx_word' id='word_1_180' title='bbox 443 1531 497 1584; x_wconf 47' lang='grc' dir='ltr'><strong>ἱἐν</strong></span> <span class='ocrx_word' id='word_1_181' title='bbox 529 1526 672 1579; x_wconf 75' lang='grc' dir='ltr'><strong><em>ἄλλοις</em></strong></span> <span class='ocrx_word' id='word_1_182' title='bbox 701 1527 869 1585; x_wconf 83' lang='grc' dir='ltr'><strong><em>εἴρηταί</em></strong></span> <span class='ocrx_word' id='word_1_183' title='bbox 890 1545 934 1571; x_wconf 89' lang='grc' dir='ltr'><strong>τε</strong></span> <span class='ocrx_word' id='word_1_184' title='bbox 963 1530 1035 1572; x_wconf 86' lang='grc' dir='ltr'><em>καί</em></span> <span class='ocrx_word' id='word_1_185' title='bbox 1064 1526 1120 1571; x_wconf 79' lang='grc' dir='ltr'><strong>αὖ</strong></span> <span class='ocrx_word' id='word_1_186' title='bbox 1148 1532 1348 1586; x_wconf 79' lang='grc' dir='ltr'><strong><em>προϊοῦσι</em></strong></span> <span class='ocrx_word' id='word_1_187' title='bbox 1375 1530 1625 1588; x_wconf 89' lang='grc' dir='ltr'><strong><em>τρανότερον</em></strong></span> <span class='ocrx_word' id='word_1_188' title='bbox 1657 1530 1772 1587; x_wconf 83' lang='grc' dir='ltr'><strong><em>εἶρή-</em></strong></span> <span class='ocrx_word' id='word_1_189' title='bbox 1787 1541 1833 1577; x_wconf 82' lang='lat'><strong>20</strong></span> 
     </span>
     <span class='ocr_line' id='line_1_22' title="bbox 227 1595 1775 1655; baseline 0.001 -16"><span class='ocrx_word' id='word_1_190' title='bbox 227 1613 299 1647; x_wconf 72' lang='lat'><strong>25</strong></span> <span class='ocrx_word' id='word_1_191' title='bbox 318 1613 436 1640; x_wconf 87' lang='grc' dir='ltr'><strong><em>σεται</em></strong></span> <span class='ocrx_word' id='word_1_192' title='bbox 463 1595 572 1638; x_wconf 80' lang='grc' dir='ltr'><strong><em>κατὰ</em></strong></span> <span class='ocrx_word' id='word_1_193' title='bbox 598 1596 759 1652; x_wconf 77' lang='grc' dir='ltr'><strong><em>χώραν.</em></strong></span> <span class='ocrx_word' id='word_1_194' title='bbox 818 1597 982 1653; x_wconf 73' lang='grc' dir='ltr'><strong><em>παρίτω</em></strong></span> <span class='ocrx_word' id='word_1_195' title='bbox 1022 1598 1059 1638; x_wconf 85' lang='grc' dir='ltr'><strong><em>δ’</em></strong></span> <span class='ocrx_word' id='word_1_196' title='bbox 1094 1595 1208 1651; x_wconf 78' lang='grc' dir='ltr'><strong><em>ὅμως</em></strong></span> <span class='ocrx_word' id='word_1_197' title='bbox 1250 1599 1293 1640; x_wconf 82' lang='grc' dir='ltr'><strong><em>ἐν</em></strong></span> <span class='ocrx_word' id='word_1_198' title='bbox 1321 1600 1480 1654; x_wconf 84' lang='grc' dir='ltr'><strong><em>βραχεῖ</em></strong></span> <span class='ocrx_word' id='word_1_199' title='bbox 1517 1596 1540 1639; x_wconf 84' lang='grc' dir='ltr'>ὅ</span> <span class='ocrx_word' id='word_1_200' title='bbox 1571 1599 1775 1655; x_wconf 85' lang='grc' dir='ltr'><strong><em>Χρυσορ-</em></strong></span> 
     </span>
     <span class='ocr_line' id='line_1_23' title="bbox 321 1662 1776 1724; baseline 0.001 -19"><span class='ocrx_word' id='word_1_201' title='bbox 321 1665 464 1724; x_wconf 82' lang='grc' dir='ltr'><strong><em>ρήμων</em></strong></span> <span class='ocrx_word' id='word_1_202' title='bbox 481 1662 582 1719; x_wconf 74' lang='grc' dir='ltr'><strong><em>ἡμῖν</em></strong></span> <span class='ocrx_word' id='word_1_203' title='bbox 612 1666 851 1718; x_wconf 78' lang='grc' dir='ltr'><strong><em>συμμαχῶν</em></strong></span> <span class='ocrx_word' id='word_1_204' title='bbox 881 1663 1099 1720; x_wconf 85' lang='grc' dir='ltr'><strong><em>Ἰωάννης,</em></strong></span> <span class='ocrx_word' id='word_1_205' title='bbox 1143 1663 1306 1721; x_wconf 82' lang='grc' dir='ltr'><strong><em>εἴρηται</em></strong></span> <span class='ocrx_word' id='word_1_206' title='bbox 1331 1664 1463 1721; x_wconf 77' lang='grc' dir='ltr'><strong><em>λέγων</em></strong></span> <span class='ocrx_word' id='word_1_207' title='bbox 1490 1665 1689 1716; x_wconf 86' lang='grc' dir='ltr'><strong><em>πολλάκις</em></strong></span> <span class='ocrx_word' id='word_1_208' title='bbox 1717 1663 1776 1715; x_wconf 74' lang='grc' dir='ltr'><strong>ὥς</strong></span> 
     </span>
    </p>
   </div>
   <div class='ocr_carea' id='block_1_3' title="bbox 369 1777 1775 1878">
    <p class='ocr_par' dir='ltr' id='par_1_3' title="bbox 369 1777 1775 1878">
     <span class='ocr_line' id='line_1_24' title="bbox 413 1777 1775 1869; baseline 0.003 -53"><span class='ocrx_word' id='word_1_209' title='bbox 413 1781 473 1816; x_wconf 91' lang='grc'><strong>22.</strong></span> <span class='ocrx_word' id='word_1_210' title='bbox 522 1782 562 1817; x_wconf 75' lang='grc' dir='ltr'><strong><em>ἐκ</em></strong></span> <span class='ocrx_word' id='word_1_211' title='bbox 587 1781 656 1816; x_wconf 75' lang='grc' dir='ltr'><strong><em>τοῦ</em></strong></span> <span class='ocrx_word' id='word_1_212' title='bbox 681 1782 734 1820; x_wconf 79' lang='grc' dir='ltr'><strong>εἰς</strong></span> <span class='ocrx_word' id='word_1_213' title='bbox 758 1777 799 1816; x_wconf 80' lang='grc' dir='ltr'><strong>τὸ</strong></span> <span class='ocrx_word' id='word_1_214' title='bbox 823 1780 1057 1841; x_wconf 78' lang='grc' dir='ltr'><strong><em>Εὔαγγέλιον</em></strong></span> <span class='ocrx_word' id='word_1_215' title='bbox 1083 1784 1148 1817; x_wconf 77' lang='grc' dir='ltr'><strong>καὶ</strong></span> <span class='ocrx_word' id='word_1_216' title='bbox 1173 1784 1275 1823; x_wconf 75' lang='grc' dir='ltr'><strong><em>τίνος</em></strong></span> <span class='ocrx_word' id='word_1_217' title='bbox 1297 1782 1415 1831; x_wconf 74' lang='grc' dir='ltr'><strong><em>χάριν</em></strong></span> <span class='ocrx_word' id='word_1_218' title='bbox 1441 1783 1482 1820; x_wconf 72' lang='grc' dir='ltr'><strong><em>ἐν</em></strong></span> <span class='ocrx_word' id='word_1_219' title='bbox 1504 1783 1547 1831; x_wconf 74' lang='grc' dir='ltr'><strong>τῇ</strong></span> <span class='ocrx_word' id='word_1_220' title='bbox 1572 1783 1663 1869; x_wconf 61' lang='grc' dir='ltr'><strong><em>ἁγία</em></strong></span> <span class='ocrx_word' id='word_1_221' title='bbox 1685 1794 1775 1820; x_wconf 76' lang='lat' dir='ltr'><strong>utr-</strong></span> 
     </span>
     <span class='ocr_line' id='line_1_25' title="bbox 369 1824 1151 1878; baseline 0.003 -14"><span class='ocrx_word' id='word_1_222' title='bbox 369 1837 371 1839; x_wconf 84' lang='lat'>&#39;</span> <span class='ocrx_word' id='word_1_223' title='bbox 411 1832 564 1877; x_wconf 75' lang='grc' dir='ltr'><strong><em>τηκοστῆ</em></strong></span> <span class='ocrx_word' id='word_1_224' title='bbox 591 1824 682 1872; x_wconf 73' lang='grc' dir='ltr'><strong><em>ἦλθε</em></strong></span> <span class='ocrx_word' id='word_1_225' title='bbox 707 1828 744 1863; x_wconf 76' lang='grc' dir='ltr'><strong><em>τό</em></strong></span> <span class='ocrx_word' id='word_1_226' title='bbox 774 1833 927 1878; x_wconf 70' lang='grc' dir='ltr'><strong><em>πνεῦμα</em></strong></span> <span class='ocrx_word' id='word_1_227' title='bbox 957 1825 998 1865; x_wconf 86' lang='grc' dir='ltr'><strong>τὸ</strong></span> <span class='ocrx_word' id='word_1_228' title='bbox 1028 1828 1151 1877; x_wconf 80' lang='grc' dir='ltr'><strong><em>ἅγιον</em></strong></span> 
     </span>
    </p>
   </div>
   <div class='ocr_carea' id='block_1_4' title="bbox 319 1943 1810 2794">
    <p class='ocr_par' dir='ltr' id='par_1_4' title="bbox 319 1943 1810 2794">
     <span class='ocr_line' id='line_1_26' title="bbox 321 1943 1774 1989; baseline -0.001 -11"><span class='ocrx_word' id='word_1_229' title='bbox 321 1944 561 1978; x_wconf 88' lang='lat' dir='ltr'><strong>communibus</strong></span> <span class='ocrx_word' id='word_1_230' title='bbox 590 1949 626 1978; x_wconf 92' lang='lat' dir='ltr'><strong>et</strong></span> <span class='ocrx_word' id='word_1_231' title='bbox 645 1944 714 1988; x_wconf 82' lang='lat' dir='ltr'><strong>piis</strong></span> <span class='ocrx_word' id='word_1_232' title='bbox 741 1944 918 1979; x_wconf 85' lang='lat' dir='ltr'><strong>eeclesiae</strong></span> <span class='ocrx_word' id='word_1_233' title='bbox 936 1945 1137 1989; x_wconf 75' lang='lat' dir='ltr'><strong>praeceptis</strong></span> <span class='ocrx_word' id='word_1_234' title='bbox 1156 1944 1304 1986; x_wconf 80' lang='lat' dir='ltr'>innisus,</span> <span class='ocrx_word' id='word_1_235' title='bbox 1332 1944 1421 1978; x_wconf 83' lang='lat' dir='ltr'><strong>haee</strong></span> <span class='ocrx_word' id='word_1_236' title='bbox 1441 1943 1562 1989; x_wconf 88' lang='lat' dir='ltr'><strong>paullo</strong></span> <span class='ocrx_word' id='word_1_237' title='bbox 1587 1948 1669 1988; x_wconf 81' lang='lat' dir='ltr'><strong>post</strong></span> <span class='ocrx_word' id='word_1_238' title='bbox 1693 1950 1774 1979; x_wconf 86' lang='lat' dir='ltr'><strong>tan-</strong></span> 
     </span>
     <span class='ocr_line' id='line_1_27' title="bbox 321 1991 1774 2037; baseline -0.001 -12"><span class='ocrx_word' id='word_1_239' title='bbox 321 2001 422 2037; x_wconf 91' lang='lat' dir='ltr'><strong>quam</strong></span> <span class='ocrx_word' id='word_1_240' title='bbox 448 1992 666 2035; x_wconf 87' lang='lat' dir='ltr'><strong>poenitentia</strong></span> <span class='ocrx_word' id='word_1_241' title='bbox 693 1997 886 2026; x_wconf 86' lang='lat' dir='ltr'><strong>commotus</strong></span> <span class='ocrx_word' id='word_1_242' title='bbox 911 1992 988 2036; x_wconf 84' lang='lat' dir='ltr'><strong>ipse</strong></span> <span class='ocrx_word' id='word_1_243' title='bbox 1014 1992 1157 2027; x_wconf 76' lang='lat' dir='ltr'><strong>suffodit</strong></span> <span class='ocrx_word' id='word_1_244' title='bbox 1189 1997 1225 2025; x_wconf 89' lang='lat' dir='ltr'><strong>et</strong></span> <span class='ocrx_word' id='word_1_245' title='bbox 1248 1991 1384 2025; x_wconf 78' lang='lat' dir='ltr'>aufert:</span> <span class='ocrx_word' id='word_1_246' title='bbox 1415 2001 1535 2025; x_wconf 92' lang='lat' dir='ltr'><strong>nonne</strong></span> <span class='ocrx_word' id='word_1_247' title='bbox 1559 1997 1774 2037; x_wconf 82' lang='lat' dir='ltr'><strong>praecepto-</strong></span> 
     </span>
     <span class='ocr_line' id='line_1_28' title="bbox 319 2038 1774 2083; baseline 0 -11"><span class='ocrx_word' id='word_1_248' title='bbox 319 2049 395 2073; x_wconf 85' lang='lat' dir='ltr'><strong>rum</strong></span> <span class='ocrx_word' id='word_1_249' title='bbox 422 2039 632 2073; x_wconf 80' lang='lat' dir='ltr'><strong>violatorem</strong></span> <span class='ocrx_word' id='word_1_250' title='bbox 658 2050 697 2073; x_wconf 83' lang='lat' dir='ltr'><strong>se</strong></span> <span class='ocrx_word' id='word_1_251' title='bbox 722 2040 837 2073; x_wconf 85' lang='lat' dir='ltr'>reddit</span> <span class='ocrx_word' id='word_1_252' title='bbox 861 2043 900 2072; x_wconf 84' lang='lat' dir='ltr'><strong>ut</strong></span> <span class='ocrx_word' id='word_1_253' title='bbox 916 2040 951 2073; x_wconf 88' lang='lat' dir='ltr'><strong>S.</strong></span> <span class='ocrx_word' id='word_1_254' title='bbox 980 2039 1161 2083; x_wconf 90' lang='lat' dir='ltr'><strong>apostolus</strong></span> <span class='ocrx_word' id='word_1_255' title='bbox 1187 2039 1284 2080; x_wconf 90' lang='lat' dir='ltr'><strong>dicit,</strong></span> <span class='ocrx_word' id='word_1_256' title='bbox 1310 2048 1450 2083; x_wconf 88' lang='lat' dir='ltr'><strong>unaque</strong></span> <span class='ocrx_word' id='word_1_257' title='bbox 1476 2038 1536 2083; x_wconf 89' lang='lat' dir='ltr'><strong>qui</strong></span> <span class='ocrx_word' id='word_1_258' title='bbox 1560 2043 1672 2072; x_wconf 83' lang='lat' dir='ltr'><strong>semet</strong></span> <span class='ocrx_word' id='word_1_259' title='bbox 1697 2040 1774 2083; x_wconf 86' lang='lat' dir='ltr'><strong>ipse</strong></span> 
     </span>
     <span class='ocr_line' id='line_1_29' title="bbox 322 2085 1773 2131; baseline 0 -12"><span class='ocrx_word' id='word_1_260' title='bbox 322 2091 356 2119; x_wconf 88' lang='lat' dir='ltr'><strong>et</strong></span> <span class='ocrx_word' id='word_1_261' title='bbox 383 2087 549 2120; x_wconf 74' lang='lat' dir='ltr'><strong>deitatem</strong></span> <span class='ocrx_word' id='word_1_262' title='bbox 575 2088 769 2131; x_wconf 86' lang='lat' dir='ltr'><strong>impugnet.</strong></span> <span class='ocrx_word' id='word_1_263' title='bbox 820 2086 1009 2121; x_wconf 76' lang='lat' dir='ltr'><strong>affirmavit</strong></span> <span class='ocrx_word' id='word_1_264' title='bbox 1044 2087 1134 2120; x_wconf 90' lang='lat' dir='ltr'><strong>enim</strong></span> <span class='ocrx_word' id='word_1_265' title='bbox 1167 2087 1245 2130; x_wconf 81' lang='lat' dir='ltr'><strong>ipse</strong></span> <span class='ocrx_word' id='word_1_266' title='bbox 1273 2086 1309 2119; x_wconf 92' lang='lat' dir='ltr'><strong>in</strong></span> <span class='ocrx_word' id='word_1_267' title='bbox 1333 2085 1525 2130; x_wconf 76' lang='lat' dir='ltr'>prooemiis</span> <span class='ocrx_word' id='word_1_268' title='bbox 1551 2095 1617 2119; x_wconf 89' lang='lat' dir='ltr'><strong>nos</strong></span> <span class='ocrx_word' id='word_1_269' title='bbox 1642 2085 1773 2119; x_wconf 85' lang='lat' dir='ltr'><strong>docens</strong></span> 
     </span>
     <span class='ocr_line' id='line_1_30' title="bbox 320 2132 1775 2173; baseline 0.001 -6"><span class='ocrx_word' id='word_1_270' title='bbox 320 2132 436 2167; x_wconf 91' lang='lat' dir='ltr'><strong>lucem</strong></span> <span class='ocrx_word' id='word_1_271' title='bbox 465 2144 566 2167; x_wconf 87' lang='lat' dir='ltr'><strong>unam</strong></span> <span class='ocrx_word' id='word_1_272' title='bbox 582 2134 879 2173; x_wconf 39' lang='lat' dir='ltr'><strong>(inaccessibilem</strong></span> <span class='ocrx_word' id='word_1_273' title='bbox 904 2144 982 2167; x_wconf 86' lang='lat' dir='ltr'><strong>esse</strong></span> <span class='ocrx_word' id='word_1_274' title='bbox 1007 2144 1110 2167; x_wconf 90' lang='lat' dir='ltr'><strong>unam</strong></span> <span class='ocrx_word' id='word_1_275' title='bbox 1136 2133 1233 2167; x_wconf 82' lang='lat' dir='ltr'><strong>illam</strong></span> <span class='ocrx_word' id='word_1_276' title='bbox 1258 2133 1448 2166; x_wconf 83' lang='lat' dir='ltr'><strong>increatam</strong></span> <span class='ocrx_word' id='word_1_277' title='bbox 1477 2133 1604 2166; x_wconf 83' lang='lat' dir='ltr'><strong>beatae</strong></span> <span class='ocrx_word' id='word_1_278' title='bbox 1631 2133 1775 2169; x_wconf 81' lang='lat' dir='ltr'><strong>trinita-</strong></span> 
     </span>
     <span class='ocr_line' id='line_1_31' title="bbox 321 2179 1773 2226; baseline -0.001 -12"><span class='ocrx_word' id='word_1_279' title='bbox 321 2181 366 2214; x_wconf 87' lang='lat' dir='ltr'><strong>tis</strong></span> <span class='ocrx_word' id='word_1_280' title='bbox 394 2182 579 2214; x_wconf 77' lang='lat' dir='ltr'><strong>essentiam</strong></span> <span class='ocrx_word' id='word_1_281' title='bbox 614 2186 648 2215; x_wconf 91' lang='lat' dir='ltr'><strong>et</strong></span> <span class='ocrx_word' id='word_1_282' title='bbox 674 2181 864 2223; x_wconf 80' lang='lat' dir='ltr'><strong>deitatem3</strong></span> <span class='ocrx_word' id='word_1_283' title='bbox 891 2187 926 2214; x_wconf 94' lang='lat' dir='ltr'><strong>et</strong></span> <span class='ocrx_word' id='word_1_284' title='bbox 952 2181 1033 2226; x_wconf 89' lang='lat' dir='ltr'><strong>quia</strong></span> <span class='ocrx_word' id='word_1_285' title='bbox 1061 2180 1343 2214; x_wconf 79' lang='lat' dir='ltr'><strong>inaccessibilem</strong></span> <span class='ocrx_word' id='word_1_286' title='bbox 1369 2180 1457 2213; x_wconf 90' lang='lat' dir='ltr'><strong>dixit</strong></span> <span class='ocrx_word' id='word_1_287' title='bbox 1485 2184 1520 2213; x_wconf 88' lang='lat' dir='ltr'><strong>et</strong></span> <span class='ocrx_word' id='word_1_288' title='bbox 1542 2179 1773 2223; x_wconf 66' lang='lat' dir='ltr'><strong>invisibilem,</strong></span> 
     </span>
     <span class='ocr_line' id='line_1_32' title="bbox 321 2226 1810 2272; baseline -0.001 -11"><span class='ocrx_word' id='word_1_289' title='bbox 321 2227 518 2262; x_wconf 81' lang='lat' dir='ltr'><strong>declaravit</strong></span> <span class='ocrx_word' id='word_1_290' title='bbox 558 2229 661 2262; x_wconf 84' lang='lat' dir='ltr'><strong>etiam</strong></span> <span class='ocrx_word' id='word_1_291' title='bbox 687 2228 796 2263; x_wconf 91' lang='lat' dir='ltr'><strong>multo</strong></span> <span class='ocrx_word' id='word_1_292' title='bbox 823 2229 1137 2272; x_wconf 81' lang='lat' dir='ltr'><strong>praestantiorem3</strong></span> <span class='ocrx_word' id='word_1_293' title='bbox 1172 2238 1261 2272; x_wconf 89' lang='lat' dir='ltr'><strong>quae</strong></span> <span class='ocrx_word' id='word_1_294' title='bbox 1286 2237 1373 2261; x_wconf 87' lang='lat' dir='ltr'><strong>vero</strong></span> <span class='ocrx_word' id='word_1_295' title='bbox 1405 2226 1487 2260; x_wconf 88' lang='lat' dir='ltr'><strong>luce</strong></span> <span class='ocrx_word' id='word_1_296' title='bbox 1512 2226 1577 2260; x_wconf 88' lang='lat' dir='ltr'><strong>hac</strong></span> <span class='ocrx_word' id='word_1_297' title='bbox 1602 2227 1782 2268; x_wconf 38' lang='lat' dir='ltr'><strong>inferiora,</strong></span> <span class='ocrx_word' id='word_1_298' title='bbox 1806 2243 1810 2252; x_wconf 65' lang='grc' dir='ltr'><strong><em>ι</em></strong></span> 
     </span>
     <span class='ocr_line' id='line_1_33' title="bbox 321 2273 1774 2319; baseline -0.001 -11"><span class='ocrx_word' id='word_1_299' title='bbox 321 2275 466 2318; x_wconf 89' lang='lat' dir='ltr'><strong>lumina,</strong></span> <span class='ocrx_word' id='word_1_300' title='bbox 494 2286 572 2310; x_wconf 86' lang='lat' dir='ltr'><strong>esse</strong></span> <span class='ocrx_word' id='word_1_301' title='bbox 599 2281 728 2309; x_wconf 87' lang='lat' dir='ltr'><strong>creata.</strong></span> <span class='ocrx_word' id='word_1_302' title='bbox 779 2281 859 2309; x_wconf 84' lang='lat' dir='ltr'><strong>sunt</strong></span> <span class='ocrx_word' id='word_1_303' title='bbox 884 2281 999 2308; x_wconf 86' lang='lat' dir='ltr'><strong>autem</strong></span> <span class='ocrx_word' id='word_1_304' title='bbox 1024 2276 1111 2309; x_wconf 87' lang='lat' dir='ltr'><strong>haec</strong></span> <span class='ocrx_word' id='word_1_305' title='bbox 1143 2275 1212 2308; x_wconf 90' lang='lat' dir='ltr'><strong>alia</strong></span> <span class='ocrx_word' id='word_1_306' title='bbox 1237 2275 1419 2308; x_wconf 81' lang='lat' dir='ltr'><strong>innumera</strong></span> <span class='ocrx_word' id='word_1_307' title='bbox 1455 2279 1490 2308; x_wconf 85' lang='lat' dir='ltr'><strong>et</strong></span> <span class='ocrx_word' id='word_1_308' title='bbox 1514 2279 1687 2319; x_wconf 77' lang='lat' dir='ltr'><strong>quotquot</strong></span> <span class='ocrx_word' id='word_1_309' title='bbox 1709 2273 1774 2308; x_wconf 88' lang='lat' dir='ltr'><strong>ille</strong></span> 
     </span>
     <span class='ocr_line' id='line_1_34' title="bbox 321 2321 1775 2367; baseline -0.001 -12"><span class='ocrx_word' id='word_1_310' title='bbox 321 2323 398 2367; x_wconf 88' lang='lat' dir='ltr'><strong>ipse</strong></span> <span class='ocrx_word' id='word_1_311' title='bbox 425 2324 548 2357; x_wconf 90' lang='lat' dir='ltr'><strong>eodem</strong></span> <span class='ocrx_word' id='word_1_312' title='bbox 574 2325 715 2357; x_wconf 88' lang='lat' dir='ltr'><strong>nomine</strong></span> <span class='ocrx_word' id='word_1_313' title='bbox 738 2323 928 2356; x_wconf 83' lang='lat' dir='ltr'><strong>secundum</strong></span> <span class='ocrx_word' id='word_1_314' title='bbox 954 2322 1043 2356; x_wconf 87' lang='lat' dir='ltr'><strong>lucis</strong></span> <span class='ocrx_word' id='word_1_315' title='bbox 1073 2323 1109 2356; x_wconf 90' lang='lat' dir='ltr'><strong>in</strong></span> <span class='ocrx_word' id='word_1_316' title='bbox 1132 2322 1301 2366; x_wconf 55' lang='lat' dir='ltr'><strong>{pluribus</strong></span> <span class='ocrx_word' id='word_1_317' title='bbox 1332 2321 1648 2355; x_wconf 75' lang='lat' dir='ltr'><strong>manifestationem</strong></span> <span class='ocrx_word' id='word_1_318' title='bbox 1674 2331 1775 2355; x_wconf 86' lang='lat' dir='ltr'><strong>com-</strong></span> 
     </span>
     <span class='ocr_line' id='line_1_35' title="bbox 320 2367 1774 2415; baseline -0.001 -12"><span class='ocrx_word' id='word_1_319' title='bbox 320 2376 491 2404; x_wconf 87' lang='lat' dir='ltr'><strong>memorat</strong></span> <span class='ocrx_word' id='word_1_320' title='bbox 515 2371 551 2404; x_wconf 88' lang='lat' dir='ltr'><strong>in</strong></span> <span class='ocrx_word' id='word_1_321' title='bbox 578 2371 670 2404; x_wconf 89' lang='lat' dir='ltr'><strong>libro</strong></span> <span class='ocrx_word' id='word_1_322' title='bbox 708 2371 751 2404; x_wconf 91' lang='lat' dir='ltr'><strong>de</strong></span> <span class='ocrx_word' id='word_1_323' title='bbox 783 2371 1003 2414; x_wconf 87' lang='lat' dir='ltr'><strong>baptismate.</strong></span> <span class='ocrx_word' id='word_1_324' title='bbox 1064 2370 1145 2415; x_wconf 89' lang='lat' dir='ltr'><strong>quid</strong></span> <span class='ocrx_word' id='word_1_325' title='bbox 1172 2367 1305 2414; x_wconf 76' lang='lat' dir='ltr'><strong>igitur?</strong></span> <span class='ocrx_word' id='word_1_326' title='bbox 1331 2369 1520 2403; x_wconf 85' lang='lat' dir='ltr'><strong>videturne</strong></span> <span class='ocrx_word' id='word_1_327' title='bbox 1545 2378 1690 2413; x_wconf 81' lang='lat' dir='ltr'><strong>magnus</strong></span> <span class='ocrx_word' id='word_1_328' title='bbox 1715 2369 1774 2402; x_wconf 86' lang='lat' dir='ltr'><strong>hic</strong></span> 
     </span>
     <span class='ocr_line' id='line_1_36' title="bbox 320 2415 1773 2462; baseline 0 -12"><span class='ocrx_word' id='word_1_329' title='bbox 320 2422 532 2462; x_wconf 90' lang='lat' dir='ltr'><strong>praeceptor</strong></span> <span class='ocrx_word' id='word_1_330' title='bbox 558 2423 669 2452; x_wconf 88' lang='lat' dir='ltr'><strong>semet</strong></span> <span class='ocrx_word' id='word_1_331' title='bbox 693 2418 806 2461; x_wconf 78' lang='lat' dir='ltr'><strong>ipsum</strong></span> <span class='ocrx_word' id='word_1_332' title='bbox 833 2423 868 2450; x_wconf 86' lang='lat' dir='ltr'><strong>et</strong></span> <span class='ocrx_word' id='word_1_333' title='bbox 895 2417 1059 2450; x_wconf 76' lang='lat' dir='ltr'><strong>deitatem</strong></span> <span class='ocrx_word' id='word_1_334' title='bbox 1085 2415 1317 2461; x_wconf 79' lang='lat' dir='ltr'><strong>impugnare?</strong></span> <span class='ocrx_word' id='word_1_335' title='bbox 1373 2425 1486 2461; x_wconf 83' lang='lat' dir='ltr'><strong>apage</strong></span> <span class='ocrx_word' id='word_1_336' title='bbox 1512 2415 1600 2450; x_wconf 91' lang='lat' dir='ltr'><strong>haec</strong></span> <span class='ocrx_word' id='word_1_337' title='bbox 1624 2417 1773 2450; x_wconf 78' lang='lat' dir='ltr'><strong>amentis</strong></span> 
     </span>
     <span class='ocr_line' id='line_1_37' title="bbox 322 2462 1774 2510; baseline -0.001 -13"><span class='ocrx_word' id='word_1_338' title='bbox 322 2465 503 2499; x_wconf 88' lang='lat' dir='ltr'><strong>doctrinae</strong></span> <span class='ocrx_word' id='word_1_339' title='bbox 529 2471 564 2499; x_wconf 88' lang='lat' dir='ltr'><strong>et</strong></span> <span class='ocrx_word' id='word_1_340' title='bbox 589 2465 734 2510; x_wconf 85' lang='lat' dir='ltr'><strong>linguae</strong></span> <span class='ocrx_word' id='word_1_341' title='bbox 767 2470 912 2508; x_wconf 86' lang='lat' dir='ltr'><strong>peccata</strong></span> <span class='ocrx_word' id='word_1_342' title='bbox 946 2465 982 2497; x_wconf 93' lang='lat' dir='ltr'><strong>in</strong></span> <span class='ocrx_word' id='word_1_343' title='bbox 1016 2465 1177 2507; x_wconf 88' lang='lat' dir='ltr'><strong>spiritum</strong></span> <span class='ocrx_word' id='word_1_344' title='bbox 1212 2463 1390 2505; x_wconf 85' lang='lat' dir='ltr'><strong>divinum,</strong></span> <span class='ocrx_word' id='word_1_345' title='bbox 1427 2462 1552 2497; x_wconf 90' lang='lat' dir='ltr'><strong>dolose</strong></span> <span class='ocrx_word' id='word_1_346' title='bbox 1583 2463 1620 2497; x_wconf 93' lang='lat' dir='ltr'><strong>in</strong></span> <span class='ocrx_word' id='word_1_347' title='bbox 1653 2463 1774 2497; x_wconf 81' lang='lat' dir='ltr'><strong>verbis</strong></span> 
     </span>
     <span class='ocr_line' id='line_1_38' title="bbox 323 2510 1774 2557; baseline -0.001 -13"><span class='ocrx_word' id='word_1_348' title='bbox 323 2511 526 2556; x_wconf 87' lang='lat' dir='ltr'><strong>quibusdam</strong></span> <span class='ocrx_word' id='word_1_349' title='bbox 552 2512 686 2557; x_wconf 84' lang='lat' dir='ltr'><strong>pulcris</strong></span> <span class='ocrx_word' id='word_1_350' title='bbox 711 2512 905 2546; x_wconf 87' lang='lat' dir='ltr'><strong>recondita.</strong></span> <span class='ocrx_word' id='word_1_351' title='bbox 966 2521 1045 2544; x_wconf 90' lang='lat' dir='ltr'><strong>nam</strong></span> <span class='ocrx_word' id='word_1_352' title='bbox 1080 2522 1183 2556; x_wconf 92' lang='lat' dir='ltr'><strong>quum</strong></span> <span class='ocrx_word' id='word_1_353' title='bbox 1207 2510 1316 2544; x_wconf 88' lang='lat' dir='ltr'><strong>multa</strong></span> <span class='ocrx_word' id='word_1_354' title='bbox 1350 2510 1407 2544; x_wconf 83' lang='lat' dir='ltr'><strong>hic</strong></span> <span class='ocrx_word' id='word_1_355' title='bbox 1436 2511 1619 2544; x_wconf 80' lang='lat' dir='ltr'><strong>enumeret</strong></span> <span class='ocrx_word' id='word_1_356' title='bbox 1642 2510 1774 2544; x_wconf 89' lang='lat' dir='ltr'><strong>lumina</strong></span> 
     </span>
     <span class='ocr_line' id='line_1_39' title="bbox 324 2557 1773 2603; baseline 0 -12"><span class='ocrx_word' id='word_1_357' title='bbox 324 2564 359 2592; x_wconf 88' lang='lat' dir='ltr'><strong>et</strong></span> <span class='ocrx_word' id='word_1_358' title='bbox 384 2558 506 2593; x_wconf 86' lang='lat' dir='ltr'><strong>horum</strong></span> <span class='ocrx_word' id='word_1_359' title='bbox 532 2570 639 2593; x_wconf 87' lang='lat' dir='ltr'><strong>unum</strong></span> <span class='ocrx_word' id='word_1_360' title='bbox 666 2560 759 2592; x_wconf 90' lang='lat' dir='ltr'><strong>dicat</strong></span> <span class='ocrx_word' id='word_1_361' title='bbox 780 2559 869 2593; x_wconf 89' lang='lat' dir='ltr'><strong>illud</strong></span> <span class='ocrx_word' id='word_1_362' title='bbox 896 2569 964 2603; x_wconf 89' lang='lat' dir='ltr'><strong>quo</strong></span> <span class='ocrx_word' id='word_1_363' title='bbox 991 2559 1154 2592; x_wconf 82' lang='lat' dir='ltr'><strong>deitatem</strong></span> <span class='ocrx_word' id='word_1_364' title='bbox 1186 2557 1288 2591; x_wconf 85' lang='lat' dir='ltr'><strong>nobis</strong></span> <span class='ocrx_word' id='word_1_365' title='bbox 1318 2567 1390 2591; x_wconf 91' lang='lat' dir='ltr'><strong>non</strong></span> <span class='ocrx_word' id='word_1_366' title='bbox 1416 2558 1526 2601; x_wconf 80' lang='lat' dir='ltr'><strong>ipsam</strong></span> <span class='ocrx_word' id='word_1_367' title='bbox 1555 2557 1773 2591; x_wconf 77' lang='lat' dir='ltr'><strong>manifestari</strong></span> 
     </span>
     <span class='ocr_line' id='line_1_40' title="bbox 323 2604 1773 2650; baseline 0 -12"><span class='ocrx_word' id='word_1_368' title='bbox 323 2606 384 2639; x_wconf 89' lang='lat' dir='ltr'><strong>sed</strong></span> <span class='ocrx_word' id='word_1_369' title='bbox 408 2612 541 2640; x_wconf 90' lang='lat' dir='ltr'><strong>tantum</strong></span> <span class='ocrx_word' id='word_1_370' title='bbox 570 2606 875 2640; x_wconf 82' lang='lat' dir='ltr'><strong>submauifestari·</strong></span> <span class='ocrx_word' id='word_1_371' title='bbox 912 2607 989 2650; x_wconf 85' lang='lat' dir='ltr'><strong>ipsa</strong></span> <span class='ocrx_word' id='word_1_372' title='bbox 1022 2605 1110 2639; x_wconf 87' lang='lat' dir='ltr'><strong>haee</strong></span> <span class='ocrx_word' id='word_1_373' title='bbox 1147 2604 1257 2639; x_wconf 81' lang='lat' dir='ltr'><strong>“sub&#39;’</strong></span> <span class='ocrx_word' id='word_1_374' title='bbox 1297 2605 1514 2648; x_wconf 85' lang='lat' dir='ltr'><strong>praepositio</strong></span> <span class='ocrx_word' id='word_1_375' title='bbox 1540 2605 1773 2638; x_wconf 85' lang='lat' dir='ltr'><strong>temeritatem</strong></span> 
     </span>
     <span class='ocr_line' id='line_1_41' title="bbox 323 2651 1773 2698; baseline -0.001 -12"><span class='ocrx_word' id='word_1_376' title='bbox 323 2659 466 2687; x_wconf 91' lang='lat' dir='ltr'><strong>coercet</strong></span> <span class='ocrx_word' id='word_1_377' title='bbox 491 2664 611 2687; x_wconf 89' lang='lat' dir='ltr'><strong>eorum</strong></span> <span class='ocrx_word' id='word_1_378' title='bbox 645 2654 704 2698; x_wconf 91' lang='lat' dir='ltr'><strong>qui</strong></span> <span class='ocrx_word' id='word_1_379' title='bbox 745 2659 814 2687; x_wconf 87' lang='lat' dir='ltr'><strong>tam</strong></span> <span class='ocrx_word' id='word_1_380' title='bbox 840 2653 948 2687; x_wconf 87' lang='lat' dir='ltr'><strong>stulte</strong></span> <span class='ocrx_word' id='word_1_381' title='bbox 982 2653 1102 2686; x_wconf 90' lang='lat' dir='ltr'><strong>divina</strong></span> <span class='ocrx_word' id='word_1_382' title='bbox 1127 2652 1250 2686; x_wconf 85' lang='lat' dir='ltr'><strong>ludere</strong></span> <span class='ocrx_word' id='word_1_383' title='bbox 1281 2652 1433 2685; x_wconf 82' lang='lat' dir='ltr'><strong>student.</strong></span> <span class='ocrx_word' id='word_1_384' title='bbox 1494 2657 1534 2686; x_wconf 90' lang='lat' dir='ltr'><strong>ut</strong></span> <span class='ocrx_word' id='word_1_385' title='bbox 1570 2651 1712 2687; x_wconf 84' lang='lat' dir='ltr'><strong>anobis</strong></span> <span class='ocrx_word' id='word_1_386' title='bbox 1736 2653 1773 2686; x_wconf 89' lang='lat' dir='ltr'><strong>in</strong></span> 
     </span>
     <span class='ocr_line' id='line_1_42' title="bbox 321 2699 1773 2745; baseline -0.001 -12"><span class='ocrx_word' id='word_1_387' title='bbox 321 2699 401 2734; x_wconf 88' lang='lat' dir='ltr'><strong>aliis</strong></span> <span class='ocrx_word' id='word_1_388' title='bbox 427 2700 545 2735; x_wconf 89' lang='lat' dir='ltr'><strong>multis</strong></span> <span class='ocrx_word' id='word_1_389' title='bbox 570 2701 698 2735; x_wconf 90' lang='lat' dir='ltr'><strong>dictum</strong></span> <span class='ocrx_word' id='word_1_390' title='bbox 725 2707 779 2735; x_wconf 87' lang='lat' dir='ltr'><strong>est</strong></span> <span class='ocrx_word' id='word_1_391' title='bbox 805 2706 840 2734; x_wconf 91' lang='lat' dir='ltr'><strong>et</strong></span> <span class='ocrx_word' id='word_1_392' title='bbox 865 2710 968 2745; x_wconf 88' lang='lat' dir='ltr'><strong>quum</strong></span> <span class='ocrx_word' id='word_1_393' title='bbox 984 2701 1164 2744; x_wconf 82' lang='lat' dir='ltr'><strong>progressi</strong></span> <span class='ocrx_word' id='word_1_394' title='bbox 1193 2699 1320 2732; x_wconf 88' lang='lat' dir='ltr'><strong>crimus</strong></span> <span class='ocrx_word' id='word_1_395' title='bbox 1347 2700 1426 2732; x_wconf 89' lang='lat' dir='ltr'><strong>loco</strong></span> <span class='ocrx_word' id='word_1_396' title='bbox 1453 2708 1516 2732; x_wconf 89' lang='lat' dir='ltr'><strong>suo</strong></span> <span class='ocrx_word' id='word_1_397' title='bbox 1543 2699 1682 2743; x_wconf 78' lang='lat' dir='ltr'><strong>planius</strong></span> <span class='ocrx_word' id='word_1_398' title='bbox 1707 2710 1773 2734; x_wconf 85' lang='lat' dir='ltr'><strong>ex..</strong></span> 
     </span>
     <span class='ocr_line' id='line_1_43' title="bbox 321 2744 1772 2794; baseline 0.001 -14"><span class='ocrx_word' id='word_1_399' title='bbox 321 2753 486 2792; x_wconf 91' lang='lat' dir='ltr'><strong>ponetur.</strong></span> <span class='ocrx_word' id='word_1_400' title='bbox 536 2748 695 2783; x_wconf 84' lang='lat' dir='ltr'><strong>breviter</strong></span> <span class='ocrx_word' id='word_1_401' title='bbox 733 2759 825 2782; x_wconf 92' lang='lat' dir='ltr'><strong>nunc</strong></span> <span class='ocrx_word' id='word_1_402' title='bbox 859 2748 951 2781; x_wconf 85' lang='lat' dir='ltr'><strong>dicat</strong></span> <span class='ocrx_word' id='word_1_403' title='bbox 978 2747 1248 2791; x_wconf 78' lang='lat' dir='ltr'><strong>chrysostomus</strong></span> <span class='ocrx_word' id='word_1_404' title='bbox 1271 2751 1393 2780; x_wconf 83' lang='lat' dir='ltr'><strong>noster</strong></span> <span class='ocrx_word' id='word_1_405' title='bbox 1427 2744 1600 2782; x_wconf 78' lang='lat' dir='ltr'><strong>Ioannes.</strong></span> <span class='ocrx_word' id='word_1_406' title='bbox 1629 2755 1772 2794; x_wconf 83' lang='lat' dir='ltr'><strong>‘saepe,</strong></span> 
     </span>
    </p>
   </div>
  </div>
 </body>
</html>
