1826 3120
293 102 425 185 192⁴
664 121 1333 186 χῙκιιιιιενειοιὶι’ἱιιῃῑοοιὶλιε

286 251 411 290 τικῶν
442 249 487 292 ἐκ
518 251 658 301 μέσων
689 247 802 297 ἐνίας
833 252 1069 303 καθέδρας,
1099 248 1152 290 ἵν’
1182 245 1236 297 ὥς
1267 249 1310 290 ἐν
1339 247 1627 307 ἑπιπέδῳτὴν
1653 245 1744 302 μά-

284 331 363 370 χην
406 312 607 357 ποιῶνται
645 317 717 357 καί
759 313 1000 363 ἀκωλύτους
1038 313 1109 363 τάς
1150 329 1192 356 τε
1236 313 1445 365 ἐξελάσεις
1483 315 1556 357 καί
1591 315 1742 358 ἐπελά-

282 396 369 430 σεις
397 380 471 423 καί
496 380 571 432 τοὶς
602 380 815 436 παρόδους
845 379 1015 434 ἔχωσιν.

195 459 269 493 25
415 449 474 490 Ἐν
505 447 666 497 τούτοις
711 449 748 488 δ’
796 449 1120 501 ἀσχολουμένων
1159 450 1301 490 αὐτῶν
1343 448 1528 502 θόρυβος
1559 449 1603 501 ἐξ
1627 449 1741 491 ἀ’πο-

109 519 135 555 f.
153 519 220 555 108
234 530 269 555 v·
284 518 404 569 γείων
425 512 673 567 πνευμάτων
700 516 898 570 ἐξαίφνης
926 514 1147 568 ἐγείρεται,
1167 521 1251 565 τοῖς
1271 517 1349 568 μὲν
1365 511 1622 564 Κατελάνοις
1649 512 1775 569 ἅμαὸ

284 584 356 624 καί
384 585 619 630 Βενετικοϊς
651 579 731 621 α’πὸ
762 581 967 636 πρύμνης,
998 588 1083 631 τοῖς
1113 585 1159 624 δὲ
1180 583 1220 623 Γ
1218 583 1450 631 εννουίταις
1480 577 1577 624 οὖσι
1609 586 1743 625 πελα-

283 652 389 703 γιόις
421 648 693 701 α’ντίπρωρος.
762 649 836 689 καί
872 650 949 700 μὲν
985 648 1034 703 δὴ
1068 650 1215 692 λοιπὸν
1256 646 1307 690 τά
1354 651 1438 690 ταῖν
1467 651 1598 691 ἐκεῖσε
1626 665 1742 703 τηνι-

284 715 421 755 καῦτα
452 707 749 767 καταχθεισῶν
779 710 1034 769 ὄθενδήποτε
1074 715 1268 768 μεγάλων
1302 713 1514 770 τεττάρων
1542 712 1734 757 ὁλκάδων

284 778 396 822 ἱστία
427 777 686 829 πετάσαντες
731 781 773 820 οἳ
801 795 844 821 τε
877 779 1111 822 Κατελάνοι
1147 780 1218 822 καί
1247 779 1463 823 Βενετικοί
1501 783 1588 831 τοῖς
1614 786 1741 823 πολε-

282 847 394 898 μιόις
423 844 614 899 ἐχώρουν
646 844 788 898 ὁμόσε,
823 848 865 898 ἐξ
894 846 1041 901 οὐρίας
1074 850 1292 897 ποιοῦντες
1319 847 1574 890 τὸν’”πλο.ῦ’ν·
1604 845 1740 891 εἵπετο
1755 855 1799 892 10

283 915 321 954 δ’
349 912 456 965 ὁμοῦ
483 912 554 954 καί
585 911 606 953 ὅ
639 911 781 962 στόλος
810 911 947 967 ἅπας,
979 919 1062 961 τοῖς
1094 919 1333 966 πολεμικοῖς
1363 912 1557 969 ὀργάνοις
1585 915 1741 970 τερπό-

281 995 397 1030 μενοι
429 980 500 1020 καί
537 977 613 1027 τὰς
659 980 743 1020 τῶν
772 976 1028 1033 ὁπλομάχων
1058 978 1205 1034 ψυχάς
1243 979 1348 1034 πρὸς
1391 979 1436 1023 τὸ
1464 980 1742 1037 ἀκμαιότερον

282 1048 559 1100 ἐρεθίζοντες.
619 1041 716 1087 ὅθεν
745 1044 819 1094 τοὶς
845 1048 924 1097 μὲν
944 1046 1076 1095 εὕθύς
1106 1048 1147 1095 ἐς
1166 1047 1303 1100 βυθὸν
1335 1049 1570 1090 κατέδυσαν
1598 1043 1739 1104 ὥσπερ

283 1114 651 1167 καταπατηθείσας
702 1112 781 1154 ὑπὸ
828 1116 909 1155 τῶν
939 1110 1125 1155 ὁλκάδων
1144 1146 1155 1168 ,
1186 1113 1260 1162 τὰς
1292 1116 1328 1155 δ’
1358 1114 1614 1170 ἐζώγρησαν.
1672 1114 1744 1157 καί

281 1175 412 1228 οὕτως
442 1177 484 1221 ἐν
513 1182 676 1233 βραχεῖ
696 1180 897 1235 τρόπαιον
928 1179 1082 1234 σχεδὸν
1111 1182 1367 1233 οἶναιμακτον
1396 1179 1535 1235 ἔσχον,
1565 1181 1802 1237 finden-15*

282 1262 345 1298 ροι
380 1245 645 1289 παντάπασιν
687 1250 761 1289 τοῦ
784 1249 1084 1289 ,Γεννουϊτικοῦ
1128 1249 1340 1302 γενόμενοι
1381 1246 1533 1291 στόλου
1574 1245 1742 1301 παντός,

252 1324 257 1330 ’
282 1311 389 1367 πλην
422 1311 521 1355 ὅσαι
553 1313 743 1368 φυγάδες
774 1312 969 1370 ἔφθησαν
1006 1320 1215 1368 γεγονυῖαι
1246 1316 1591 1369 ταχυναυτοῦσαι
1621 1311 1744 1370 τριή-

283 1384 369 1431 ρεις
398 1378 696 1422 ὀκτωκαίδεκα.
755 1381 826 1421 καί
857 1383 994 1422 ταῦτα
1024 1382 1102 1433 μὲν
1141 1382 1288 1423 τοῦτον
1332 1380 1430 1435 ἔσχε
1469 1378 1536 1424 τόν
1571 1383 1744 1437 τρόπον,

282 1445 355 1486 κατ’
383 1443 427 1487 τό
457 1448 584 1498 θέρος
612 1444 657 1488 ἐν
687 1444 848 1496 τούτοις
873 1445 1079 1505 ἐτελεύτα.

191 1526 266 1560 26
418 1514 508 1554 Καί
533 1515 611 1564 μὲν
644 1512 693 1566 δὴ
742 1516 783 1562 ἐς
813 1516 932 1555 τοῦτο
973 1518 1305 1568 κατενεχθέντων
1342 1512 1474 1571 τύχης
1509 1511 1597 1558 τῶν
1631 1514 1738 1558 κατὰ
1753 1520 1799 1556 20

281 1580 494 1621 Γέννουαν
527 1579 812 1635 πραγμάτων,
856 1581 926 1622 καί
950 1582 1081 1636 μηδὲν
1125 1579 1188 1622 ἔτι
1223 1584 1303 1624 τῶν
1333 1581 1492 1636 ταύτην
1524 1581 1745 1625 οἰκούντων

281 1644 456 1688 ἔνοπλον
487 1644 606 1701 ἔργον
654 1648 758 1700 δρᾶν
791 1649 1058 1701 δυναμένων,
1089 1644 1223 1703 ἄρδην
1262 1646 1456 1691 ἁπάντων
1486 1648 1654 1703 σχεδόν,
1685 1649 1745 1699 ὥς

281 1712 458 1770 εἴρηται,
489 1715 771 1770 ἐφθαρμένων
805 1708 885 1769 ἤδη
915 1717 988 1756 καί
1015 1711 1155 1757 ὅπλων
1187 1715 1259 1758 καί
1288 1715 1456 1772 ἀνδρῶν
1487 1714 1743 1771 ὁπλομάχων

280 1910 386 1951 atque
414 1903 606 1939 intervalla
626 1905 718 1940 viam
740 1905 900 1940 hostibus
917 1906 1129 1951 praeberent
1153 1918 1220 1940 neo
1245 1906 1416 1942 baberent
1439 1907 1494 1941 sui
1518 1907 1611 1942 unde
1637 1905 1744 1941 facile

280 1963 432 1998 pugnam
462 1952 670 1996 effugerent.
722 1963 829 1996 porro
858 1965 901 1987 ex
924 1954 1048 1987 mediis
1083 1956 1188 1988 remis
1216 1956 1318 1988 sedes
1347 1954 1536 1988 nonnullas
1564 1955 1741 1997 auferunt,

280 2006 318 2033 ut
351 2006 513 2044 tanquam
541 2001 576 2032 in
610 2005 704 2042 terra
740 2001 914 2044 proelium
954 2007 1142 2035 conserant
1168 2007 1202 2035 et
1228 2001 1334 2035 facile
1367 2003 1464 2035 exire
1498 2006 1535 2034 et
1571 2002 1669 2036 adire
1707 2007 1743 2037 et

279 2049 476 2091 praeterire
501 2047 648 2091 possint.

413 2117 475 2150 His
500 2117 605 2151 rebus
632 2127 735 2161 quum
764 2119 927 2162 occupati
955 2124 1074 2152 essent
1098 2124 1210 2152 motus
1226 2119 1444 2152 terrestrium
1469 2124 1653 2153 ventorum
1679 2130 1742 2154 re-

281 2171 389 2209 pente
420 2169 562 2198 exortus
590 2170 655 2206 est,
683 2165 741 2208 qui
771 2165 949 2200 Catelanis
980 2167 1117 2210 quidem
1145 2171 1180 2199 et
1205 2166 1347 2199 Venetis
1387 2166 1429 2199 ad
1458 2167 1601 2210 puppim
1629 2172 1740 2209 erant,

281 2212 528 2247 Genuensibus
556 2217 671 2245 autem
698 2213 756 2255 qui
775 2213 811 2245 in
831 2212 906 2246 ulto
931 2218 1029 2247 erant
1053 2214 1206 2246 adversi.
1256 2214 1323 2246 iam
1352 2222 1438 2247 vero
1467 2224 1571 2258 quum
1591 2219 1741 2258 quatuor

280 2269 391 2293 naves
417 2269 565 2303 magnae
592 2265 712 2292 essent
737 2265 842 2303 atque
872 2266 1018 2294 onustae
1045 2260 1138 2294 velis
1163 2261 1250 2294 datis
1271 2260 1429 2295 Catelani
1458 2266 1492 2294 et
1518 2260 1644 2294 Veneti
1670 2261 1740 2294 ho-

281 2306 392 2339 stibus
419 2312 603 2340 cesserunt
630 2312 738 2339 vento
767 2308 922 2340 secundo
955 2308 1186 2352 navigantes3
1211 2313 1332 2341 secuta
1352 2313 1405 2341 est
1429 2313 1502 2341 tota
1527 2307 1652 2341 classis
1677 2318 1739 2341 re..

280 2354 345 2387 bus
371 2353 513 2386 bellicis
539 2354 710 2387 instructa
735 2359 943 2388 armatorum
971 2355 1094 2388 animis
1119 2354 1349 2388 vehementer
1389 2355 1563 2388 excitatis.
1616 2365 1660 2389 ex
1685 2355 1740 2389 his

281 2401 372 2434 aliae
402 2402 437 2433 in
462 2401 671 2444 profundum
698 2412 793 2434 mare
830 2402 1011 2435 demersae
1047 2407 1127 2435 sunt
1148 2402 1297 2435 navibus
1334 2402 1503 2435 ductoriis
1533 2405 1739 2446 oppressae,

280 2448 373 2481 aliae
401 2453 536 2491 captae.
587 2450 707 2492 itaque
734 2449 835 2482 brevi
876 2455 1034 2492 tempore
1070 2448 1167 2482 nulla
1194 2449 1269 2481 fere
1302 2449 1409 2482 caede
1434 2449 1525 2482 facta
1555 2450 1740 2483 victoriam

281 2496 534 2538 deportarunt,
562 2501 727 2538 superata
761 2496 996 2529 Genuensium
1032 2496 1146 2530 classe
1173 2496 1276 2539 plane
1301 2501 1373 2529 tota
1402 2497 1561 2540 exceptis
1588 2497 1740 2541 quadra-

280 2543 378 2586 ginta
402 2543 622 2584 triremibus,
663 2553 752 2586 quae
788 2543 898 2575 celeri
935 2543 1018 2587 fuga
1054 2543 1203 2586 illapsae
1232 2548 1340 2576 erant.
1402 2543 1490 2576 haec
1528 2555 1606 2577 eum
1636 2543 1740 2576 finem

280 2590 457 2623 habebant
483 2595 518 2622 et
542 2595 656 2623 aestas
685 2590 738 2623 his
763 2590 867 2623 rebus
894 2590 991 2623 finita
1016 2596 1079 2624 est.
1312 2603 1315 2608 ’

410 2653 480 2686 Iam
514 2663 600 2687 vero
632 2653 867 2687 Genuensium
906 2664 962 2687 res
993 2665 1095 2698 quum
1132 2654 1172 2687 ad
1199 2653 1287 2687 hanc
1308 2654 1470 2687 fortunae
1501 2655 1740 2688 conditionem

279 2700 439 2734 deiectae
478 2706 625 2742 essent,
663 2711 731 2733 nec
765 2701 915 2744 amplius
957 2703 1055 2737 cives
1089 2712 1161 2735 rem
1196 2701 1383 2735 militarem
1418 2711 1544 2735 ornare
1580 2706 1738 2747 possent,

278 2748 385 2794 plane
411 2748 550 2783 omissis
579 2747 655 2782 fere
685 2748 844 2783 omnibus
871 2750 990 2794 armis,
1016 2748 1202 2792 militibus,
1228 2749 1345 2792 victu,
1371 2748 1575 2785 metuebant
1597 2759 1643 2785 ne
1670 2748 1739 2783 ho-
