1826 3120
262 162 560 215 nis-tonum
591 160 938 210 nYzA'n'rmAE
972 166 1097 208 xxx.
1130 151 1395 206 88-91,-
1493 151 1590 202 329

115 279 247 322 σικῶν
277 277 425 332 λόγων.
487 274 637 332 ἥντινα
664 277 714 332 δὴ
745 273 937 331 τεχνικήν
965 275 1123 331 σοφιάν
1151 269 1427 327 παρακατιαὶν
1456 263 1588 316 αὖθις

55 380 57 382 »
114 345 247 394 αὐτὸς
275 343 409 400 ψιλὴν
436 343 509 386 καί
531 343 826 386 ἀνυπόστατον
857 345 901 385 ὲν
931 344 991 401 τῷ
1019 343 1077 400 νῷ
1105 341 1416 394 συνισταμένην
1448 336 1593 393 φησίν,

116 412 274 454 οὑτωσὶ
301 410 408 466 κατὰ
441 413 551 464 λέξιν
580 410 867 465 διαγορεύων,
914 405 976 452 ὅτι
1025 407 1074 452 τά
1117 407 1198 450 ὕπὸ
1245 407 1351 449 θεοῦ
1392 402 1590 461 γεγονότα

116 475 314 534 γινώσκει
339 478 410 521 τὸν
438 476 542 521 θεὸν
583 478 635 536 τῇ
664 478 890 534 ἀναλήψει,
920 476 977 527 ὥς
1024 475 1202 533 εἴρηται,
1233 476 1306 530 τῆς
1334 475 1381 517 ἒν
1411 476 1497 521 τοῖς
1517 485 1590 526 γε-

82 544 586 603 5γονόσι-θεωρουμένης
606 549 798 602 τεχνικῆς
827 544 996 603 σοφίας,
1024 543 1113 601 ἥτις
1141 546 1234 587 ε’στι
1253 541 1358 598 ψιλὴ
1380 542 1451 583 καί
1481 540 1590 582 dyv-

119 613 324 665 πόστοιτος
351 617 397 659 ἐν
425 617 484 673 τῷ
514 616 571 674 νῷ
601 617 902 692 συνισταμένη.
974 630 1042 655 και
1080 611 1272 667 ἀλλαχοῦ
1303 607 1430 652 πάλιν
1464 605 1683 664 advoco„

117 697 196 724 ουκ
225 683 286 725 έκ
298 684 371 739 τῆς
422 678 573 730 ουσίας
619 697 724 737 φησι
757 681 832 724 τὸν
863 678 966 723 θεὸν
994 679 1278 734 γινώσκομεν,
1322 676 1414 719 ἀλλ’
1442 674 1487 719 ἐκ
1516 675 1592 729 τῆς

119 751 440 806 μεγαλουργίας
464 765 532 791 και
566 750 767 803 προνοιάς
798 748 882 789 τῶν
911 742 1198 789 &namu-<5102
1231 742 1393 788 τούτων
1421 759 1502 799 γαρ
1534 740 1593 790 ὥς

117 817 174 858 δι’
205 810 425 872 ἐσόπτρων
454 814 531 871 την
572 810 748 870 ἄπειρον
775 812 1024 870 α’γαθότητα
1056 811 1128 855 καί
1170 813 1327 868 σοφιάν
1356 812 1431 853 καί
1459 809 1594 852 δύνα-

62 891 191 938 touta·
224 883 549 937 κατανοοῦμεν.”
577 903 584 907 “
613 884 746 924 ταῦτα
792 879 957 932 διεξιών
998 879 1019 922 ὁ
1045 882 1084 922 Γ
1084 881 1291 936 ρηγορᾶς,
1324 875 1481 937 “ὃρᾷς”
1510 874 1594 958 ἔφη

117 949 226 1005 πρός
257 947 328 992 τὸν
354 951 576 1004 Παλαμᾶν
620 949 826 1005 στραφείς
866 944 1009 998 “ο’πως
1053 949 1171 990 δυοῖν
1209 948 1492 1002 προκειμένων
1522 945 1595 986 ἐν-

117 1019 264 1060 ταῦθα
294 1018 582 1074 βλασφημιῶν
622 1020 666 1069 ἐξ
695 1017 879 1072 α’νᾰγκης
907 1019 984 1076 μιᾷ
1017 1015 1302 1070 περιπι’πτεις;
1320 1009 1376 1095 ἶ,ἢ
1405 1010 1487 1091 γὰρ
1517 1010 1635 1069 rdvf
1653 1033 1771 1072 1507·

117 1082 214 1127 υιόν
241 1084 317 1128 τοῦ
345 1087 466 1138 θεοῦ,
504 1101 581 1140 την
612 1100 738 1134 οντως
768 1083 925 1140 σοφιάν
967 1086 1023 1125 δι’
1054 1100 1101 1138 νς
1132 1084 1205 1124 καί
1236 1083 1281 1124 ἐν
1312 1075 1339 1140 ᾗ
1371 1079 1423 1123 τοὶ
1454 1080 1594 1121 πάντα

117 1150 354 1207 πεποίηκεν,
382 1150 583 1194 α’νοὺσιον
622 1154 759 1207 λέγεις
803 1151 1008 1207 θεότητα,
1050 1169 1072 1206 η
1106 1150 1181 1205 τὴν
1214 1151 1258 1192 ἐν
1283 1154 1369 1198 τοῖς
1397 1150 1595 1200 κτίσμασι

61 1217 311 1273 15τεχνικὴν
343 1220 500 1275 σοφίαν
529 1214 726 1262 ἇκτιστον
756 1219 830 1262 καί
856 1219 1011 1274 ταύτην
1052 1221 1123 1260 καί
1164 1213 1254 1270 ἅμα
1278 1212 1476 1258 οῗνούσιον
1507 1210 1597 1271 φά-

116 1300 230 1334 σκεις
259 1285 466 1342 θεότητα·
526 1285 577 1342 ἢν
614 1285 747 1342 ψιλὴν
790 1289 861 1328 καί
891 1285 1187 1328 α’νυπόστατον
1225 1286 1268 1326 ἐν
1298 1285 1355 1342 τῷ
1386 1284 1444 1341 νῷ
1472 1297 1596 1324 συνι-

116 1354 326 1409 σταμένην
354 1353 427 1396 τόν
455 1355 575 1396 θεῖον
601 1351 783 1409 α’κὴκοας
814 1355 989 1409 λέγοντα
1021 1351 1237 1406 Μάξιμον.
1302 1351 1480 1393 τοιαῦτα
1510 1346 1594 1404 γάρ

117 1435 195 1463 σου
227 1419 278 1462 τὰ
311 1422 396 1463 τῶν
427 1419 596 1464 οἶτόπων
625 1437 917 1478 καινοφωνιων
947 1420 1131 1475 αἰσχρά,
1174 1436 1242 1461 και
1275 1434 1385 1460 ουτω
1417 1418 1595 1471 σχέτλια

119 1486 170 1531 τὰ
202 1487 546 1543 συμπεράσματα
587 1492 658 1544 τῆς
691 1493 766 1544 σῆς
801 1491 1064 1542 δυσσεβειας.
1141 1486 1289 1529 ἔπειτα
1320 1487 1394 1541 ζῆν
1421 1485 1615 1542 τολμας,
1610 1505 1683 1539 91

61 1560 108 1598 20
121 1554 195 1598 καί
223 1550 442 1599 ἆναιδέσιν
470 1557 711 1612 ὀφθαλμοῖς
740 1556 816 1611 την
847 1557 1055 1611 οὐρανίαν
1083 1557 1253 1610 βλέπειν
1300 1553 1519 1606 λαμπάδα,
1546 1549 1593 1592 τό

35 1626 47 1647 ’
119 1621 276 1676 σεμνὸν
311 1621 431 1679 ἢλίου
459 1626 690 1681 βλέφαρον,
722 1625 794 1666 καί
825 1623 1068 1680 ἀνθρώποις
1090 1624 1190 1665 νοῦν
1211 1620 1384 1676 ἔχουσιν
1416 1618 1595 1673 ὁμιλεῖν,

117 1689 291 1733 καὶτοῦ
333 1690 468 1734 αὐτοῦ’
507 1690 941 1745 συμμεταλαμβάνειν
982 1691 1128 1739 αὐτοῖς
1176 1689 1322 1745 ἀέρος,
1364 1684 1595 1742 ὑπόμνημα

124 1891 161 1921 et
185 1885 395 1932 cognitione
420 1885 634 1921 naturalium
651 1897 744 1932 quae
770 1887 806 1920 in
834 1886 879 1921 iis
906 1890 987 1921 sunt
1010 1886 1206 1920 rationum:
1235 1895 1338 1931 quam
1369 1884 1509 1931 quidem
1536 1893 1597 1918 sa-

120 1934 292 1979 pientiam
325 1933 555 1969 artificiosam
589 1934 699 1979 paulo
734 1939 816 1979 post
854 1945 975 1968 rursus
1011 1935 1090 1978 ipse
1122 1939 1267 1967 tenuem
1305 1938 1340 1967 et
1377 1932 1598 1967 substantiae

122 1987 305 2027 expertem
333 1982 370 2015 in
398 1988 517 2016 mente
542 1983 774 2026 compositam
800 1982 906 2024 dicit,
943 1981 1010 2015 hoc
1041 1982 1144 2015 modo
1171 1981 1213 2015 ad
1241 1980 1389 2015 verbum
1418 1985 1598 2014 statuens·

121 2039 214 2074 quae
239 2039 260 2063 a
287 2029 354 2063 deo
381 2029 474 2063 facta
499 2031 571 2064 sint
598 2040 822 2075 cognoscere
852 2029 954 2063 deum
974 2029 1298 2073 comprehensione
1323 2034 1363 2062 ut
1388 2028 1518 2062 dictum
1545 2032 1600 2061 est

78 2118 81 2119 ⁷
120 2076 389 2111 animadversae
423 2077 460 2110 in
486 2078 531 2111 iis
557 2088 648 2122 quae
675 2077 767 2111 sacta
799 2082 881 2110 sunt
907 2076 1123 2111 artificiosae
1150 2076 1371 2120 sapientiae,
1399 2086 1491 2122 quae
1515 2075 1599 2120 qui-

121 2124 200 2158 dem
226 2129 280 2158 est
302 2124 422 2158 tenuis
467 2130 503 2158 et
535 2125 754 2160 substantiae
799 2135 926 2168 expers
959 2125 996 2157 in
1036 2118 1155 2158 mente
1186 2125 1397 2168 composita.
1450 2128 1485 2156 et
1514 2121 1600 2156 alibi

120 2182 246 2206 rursus
273 2171 360 2206 ille·
385 2182 457 2206 non
489 2183 532 2206 ex
548 2174 716 2215 essentia,
742 2172 870 2217 inquit,
899 2172 1003 2205 deum
1029 2172 1293 2227 cognoscimus,
1319 2172 1381 2205 sed
1409 2181 1428 2204 e
1453 2170 1598 2216 magni-

122 2218 266 2253 ficentia
303 2224 339 2253 et
371 2220 598 2264 providentia
635 2231 765 2254 rerum.
830 2230 874 2253 ex
900 2219 955 2252 his
986 2220 1079 2253 enim
1112 2225 1151 2252 ut
1188 2229 1208 2252 e
1244 2219 1401 2263 speculis
1427 2218 1599 2252 infinitam

120 2266 316 2301 bonitatem
348 2272 384 2301 et
409 2268 619 2312 sapientiam
647 2273 682 2301 et
709 2268 780 2301 vim
807 2266 1054 2312 intelligimus.
1107 2266 1197 2300 haec
1222 2272 1432 2311 persecutus
1456 2267 1599 2310 Grego-

122 2324 204 2356 ras,
232 2315 356 2357 vides,
387 2314 524 2360 inquit,
553 2316 597 2350 ad
623 2314 797 2349 Palamam
823 2324 1044 2357 conversus,
1073 2325 1149 2348 cum
1184 2315 1274 2348 duae
1299 2315 1371 2348 sint
1399 2314 1456 2347 hic
1482 2312 1599 2346 male-

122 2338 299 2397 dictiones
322 2364 543 2407 propositae,
569 2364 776 2397 necessario
795 2364 831 2396 in
851 2362 997 2396 alteram
1019 2367 1054 2396 te
1080 2362 1260 2402 incidere;
1288 2367 1348 2395 aut
1368 2362 1460 2395 enim
1486 2359 1599 2394 filium

121 2409 202 2452 dei,
229 2409 289 2454 qui
323 2414 377 2443 est
402 2420 489 2444 vera
512 2411 698 2455 sapientia,
729 2420 797 2455 qua
828 2415 863 2443 et
886 2410 922 2443 in
949 2421 1017 2454 qua
1050 2410 1220 2443 universa
1247 2409 1353 2451 fecit,
1379 2408 1598 2442 inessentia-

122 2456 192 2491 lem
220 2456 309 2490 dicis
327 2457 547 2491 divinitatem
575 2464 635 2492 aut
660 2458 886 2492 artificiosam
914 2468 1005 2502 quae
1031 2463 1084 2491 est
1106 2458 1141 2490 in
1168 2457 1297 2490 creatis
1325 2456 1534 2501 sapientiam
1561 2460 1597 2488 et

120 2505 232 2549 ipsam
257 2504 452 2539 increatam
481 2506 658 2551 simulque
685 2505 953 2539 inessentialem
980 2515 1089 2539 vocas
1116 2505 1363 2546 divinitatem,
1399 2514 1502 2548 quam
1536 2507 1596 2536 te-

119 2561 226 2585 nuem
255 2556 291 2585 et
315 2551 534 2587 substantiae
560 2559 742 2598 expertem
770 2554 806 2586 in
832 2558 951 2586 mente
980 2553 1209 2596 compositam
1243 2553 1400 2586 divinum
1427 2551 1596 2584 audivisti

119 2599 299 2634 dicentem
324 2599 523 2635 Maximum.
582 2601 663 2635 talis
692 2602 783 2634 enim
825 2606 883 2634 tua
912 2606 966 2634 est
1000 2602 1202 2644 ineptorum
1235 2600 1493 2643 paradoxon-um
1518 2603 1595 2632 tur-

119 2646 244 2691 pitudo
274 2651 310 2680 et
333 2651 402 2680 tam
431 2649 602 2683 immanes
629 2654 711 2682 sunt
740 2649 1033 2682 ratiocinationes
1068 2648 1262 2691 impietatis
1289 2652 1391 2681 tuae:
1422 2651 1456 2680 et
1480 2651 1596 2679 tamen

118 2694 247 2727 vivero
274 2694 383 2729 audes
411 2700 446 2729 et
473 2696 587 2730 oculis
616 2696 879 2741 impudentibus
898 2695 1093 2729 coelestem
1118 2695 1302 2739 suspicere
1329 2694 1456 2735 racem,
1482 2703 1600 2738 augu-

119 2745 210 2775 stum
239 2741 327 2776 solis
356 2742 499 2777 oculum
529 2749 566 2778 et
592 2746 686 2778 inter
716 2744 878 2777 homines
905 2748 1021 2777 mente
1048 2743 1229 2787 praeditos
1254 2742 1391 2777 versari
1419 2741 1600 2775 eiusdem-

120 2798 191 2835 que
217 2798 294 2823 cum
319 2789 363 2824 iis
389 2793 567 2836 particeps
603 2802 683 2827 esse
711 2792 829 2835 aeris,
869 2791 1067 2836 exemplum
1101 2795 1220 2824 tantae
1258 2789 1444 2836 pravitatis
1486 2788 1600 2827 sactus

512 2962 531 2969 §-
